3314 4938
464 367 576 440 qaum
600 351 730 417 vocent
755 341 944 417 scientiae
972 341 1144 416 utilitas?
1305 349 1354 416 23

256 562 387 626 usquam
409 539 575 622 exstiterit,
597 543 709 608 saltem
726 544 761 607 in
776 549 865 608 tanto
881 542 1056 607 seculorum
1077 541 1242 607 intervallo
1264 564 1356 608 omne

256 652 384 718 omnino
413 653 516 737 periit.
562 654 790 718 Verumtamen
819 654 847 717 si
876 659 990 718 cuncta
1015 675 1093 737 quae
1121 674 1206 717 nuno
1231 658 1358 718 exstant

256 769 471 841 monumenta,
497 763 580 826 unde
605 764 686 828 hanc
715 770 855 828 nostram
886 763 1068 828 Hellenicae
1082 762 1257 847 religionis
1282 785 1356 827 con-

257 873 454 938 suetudinem
476 873 683 957 notitiamque
705 873 863 952 duximus,
879 896 898 936 a
916 873 1018 957 primo
1035 872 1162 956 penitus
1181 872 1357 956 periissent,

257 985 333 1069 quid
347 985 474 1049 tandem
489 985 566 1050 scire
587 985 820 1070 potuissemus?
864 985 933 1048 Nos
953 983 1079 1068 quidem
1101 983 1266 1067 opinamur
1285 983 1358 1068 plus

258 1095 383 1160 urbium
415 1095 605 1178 templorum
635 1094 786 1158 domuum
817 1099 922 1158 erutas
953 1094 1069 1172 ruinas,
1099 1094 1170 1178 plus
1200 1093 1358 1178 imagines

258 1227 399 1289 gemmas
432 1212 592 1289 ceteraque
623 1211 806 1269 ornamenta
838 1205 879 1269 ad
910 1204 1132 1289 intelligendas
1166 1205 1358 1268 Graecorum

259 1314 505 1398 Latinorumque
519 1315 626 1378 literas
641 1314 820 1392 contulisse,
832 1336 926 1398 quam
940 1313 980 1377 ad
994 1314 1127 1378 istorum
1143 1313 1357 1398 cognitionem

259 1424 344 1508 ipsae
358 1425 468 1489 literam
482 1425 676 1508 profuerunt.

302 1537 343 1600 X.
369 1535 431 1600 Sed
453 1538 535 1601 11111
551 1538 713 1602 hactenus
758 1537 845 1600 Nam
868 1537 1019 1620 siquando
1041 1536 1222 1622 mythologi
1243 1541 1358 1600 temere

258 1645 409 1712 incedunt
428 1670 492 1712 non
515 1647 591 1711 adeo
614 1647 819 1730 increpandos
838 1652 997 1731 putamus,
1013 1670 1111 1731 quum
1134 1669 1170 1711 11
1193 1645 1237 1710 111
1260 1645 1360 1730 ipsius

259 1766 372 1824 natura
387 1760 439 1837 sit,
455 1781 533 1843 quae
555 1759 688 1821 liberum
703 1759 897 1842 conjecturae
910 1759 1015 1823 locum
1029 1759 1196 1841 relinquat.
1230 1756 1360 1822 Etenim

260 1870 327 1934 1111
353 1869 513 1933 simillime
536 1868 574 1932 de
598 1867 771 1932 seculorum
794 1868 983 1952 antiquitate
1007 1869 1187 1946 sentiemus,
1211 1867 1299 1932 side
1323 1891 1360 1932 ea

259 1981 347 2064 quasi
363 1981 401 2045 de
415 1979 545 2044 humani
560 1978 684 2063 generis
700 1977 833 2042 infantia
848 1978 1032 2062 cogitemus.
1070 1979 1244 2062 Fingamus
1258 1978 1360 2062 igitur

260 2091 452 2176 cogitatione
461 2091 640 2175 paullisper,
653 2090 678 2154 si
688 2112 864 2174 possumus
877 2089 1028 2174 ejusmodi
1039 2094 1168 2174 gentem
1182 2088 1357 2166 hominum,

260 2202 314 2285 qui
336 2203 442 2266 omnia
463 2207 645 2286 portentosa
660 2202 779 2285 fingere
802 2206 895 2284 atque
917 2201 1023 2264 audire
1045 2199 1229 2285 gauderent,
1244 2199 1359 2283 quibus

261 2312 341 2375 nihil
356 2313 437 2376 foret
457 2311 640 2389 absurdum,
656 2310 738 2372 nihil
757 2310 950 2388 incredibile,
965 2311 1020 2393 qui
1040 2310 1215 2374 mirabilem
1237 2309 1360 2394 ingenii

260 2422 454 2500 facilitatem,
467 2421 630 2486 scientiam
645 2420 773 2484 omnino
787 2421 909 2483 nullam
919 2421 1080 2484 haberent.
1105 2419 1219 2484 Qualia
1227 2419 1359 2482 istorum

260 2533 380 2597 somnia
393 2533 488 2597 fuisse
506 2539 665 2616 putamus,
685 2530 712 2594 si
734 2553 798 2595 non
820 2531 1035 2615 mythologiae
1055 2530 1194 2595 similia?
1238 2530 1285 2593 At
1302 2552 1360 2593 nos

260 2643 366 2712 omnia
376 2642 558 2706 dubitanter
573 2640 716 2718 scrutari,
729 2641 767 2704 de
778 2640 865 2704 omni
876 2663 909 2704 re
924 2641 1103 2705 ratiocinari
1118 2639 1213 2719 soliti,
1222 2661 1360 2724 quonam

261 2753 353 2822 modo
367 2753 576 2837 antiquissimi
592 2753 661 2816 aevi
676 2753 909 2836 simplicitatem
928 2753 1024 2836 probe
1038 2753 1254 2838 intelligemus
1262 2780 1272 2832 ;
1297 2777 1360 2838 quo

261 2864 353 2928 modo
383 2863 598 2948 philosophiae
621 2862 694 2926 freti
723 2862 897 2926 rationibus
925 2863 1014 2926 velut
1041 2863 1212 2926 infantium
1238 2865 1360 2927 somnia

261 2975 520 3040 enucleabimus?
564 2975 660 3038 Porro
683 2995 719 3037 11
744 2973 960 3057 mythologiae
983 2978 1030 3037 est
1054 2973 1145 3051 ratio,
1160 2978 1198 3036 ut
1220 2973 1299 3038 aliae
1321 2996 1360 3038 ex

261 3084 332 3147 aliis
361 3107 452 3168 saepe
481 3090 650 3148 nascantur
674 3083 808 3162 fabulae,
837 3083 1034 3167 confusisque
1062 3082 1242 3147 nominibus
1268 3084 1359 3148 rebus

261 3195 336 3259 locis
358 3194 503 3258 infinitus
523 3217 607 3258 error
626 3194 843 3257 increbrescat.
890 3193 978 3258 Quae
997 3195 1024 3258 si
1045 3195 1091 3257 ita
1113 3194 1188 3272 sint,
1209 3193 1300 3258 facile
1314 3193 1359 3256 rei

260 3305 446 3370 immensam
461 3304 679 3368 difficultatem
699 3303 920 3388 intelligimus.
965 3304 1018 3367 Ad
1033 3326 1127 3387 quam
1142 3304 1358 3388 explicandam

223 3475 227 3486 f
259 3417 415 3486 rarissime
437 3415 551 3480 accidit
566 3420 603 3478 ut
618 3414 687 3499 quis
705 3415 851 3479 omnibus
868 3414 969 3478 modis
984 3414 1158 3478 instructus
1172 3419 1358 3498 paratusque

260 3525 452 3590 succederet.0
489 3527 555 3590 ‘Est
577 3525 662 3589 enim
682 3524 816 3590 eruditio
836 3524 992 3608 imprimis
1011 3524 1189 3589 adhibenda
1211 3525 1359 3610 insignis,

260 3633 464 3697 etfamiliaris
474 3634 664 3699 consuetudo
679 3658 776 3719 quum
787 3635 920 3699 aliarum
935 3635 1097 3698 literarum
1111 3634 1360 3719 religionumque

259 3750 330 3808 tum
344 3743 508 3829 praecipue
523 3746 730 3810 Vedicarum:
758 3745 908 3810 accedant
928 3745 1024 3810 etiam
1039 3751 1163 3830 oportet
1176 3744 1361 3829 linguarum

260 3860 405 3919 accurata
419 3853 559 3932 scientia,
574 3877 696 3918 necnon
711 3858 743 3918 et
757 3853 913 3916 maximus
930 3877 1034 3917 rerum
1048 3854 1260 3916 humanorum
1274 3876 1359 3917 usus.

260 3963 421 4029 Postremo
436 3964 470 4027 id
484 3965 566 4049 quod
582 3963 804 4028 difficillimum
819 3969 876 4042 est,
892 3986 1015 4027 necesse
1035 3965 1096 4027 erit
1116 3963 1168 4026 ille
1183 3964 1361 4028 cumulatus

259 4073 346 4137 omni
368 4073 460 4138 laude
483 4074 693 4159 Mythologus
716 4073 810 4136 simul
832 4074 941 4137 ardore
963 4074 1098 4156 quodam
1119 4072 1251 4156 poetice,
1267 4073 1361 4137 simul

259 4255 264 4262 ·
291 4220 366 4273 ⁰se0
389 4219 567 4276 theuremarks
590 4221 615 4269 ol
638 4219 728 4279 Pietet,
750 4219 950 4282 ι1110113111
973 4218 1241 4282 Indo-Europenses:
1261 4219 1308 4269 vol.
1333 4221 1359 4270 11.

261 4316 286 4368 p.
303 4299 360 4352 688.
