3314 4938
304 280 326 344 6
571 270 764 360 maenaa
789 269 835 345 sit
861 269 1134 368 Mytholopr'coe

303 493 359 535 sua
381 470 559 535 exornanda
579 491 738 553 usurpare,
760 469 938 554 philosophi
961 493 1017 554 pro
1032 470 1122 534 vanis
1144 467 1314 554 aspernari,
1336 467 1401 532 his-

301 580 393 646 torici
407 580 590 644 dubitanter
609 603 790 659 memorare,
807 580 947 664 theologi
962 580 1064 645 odisse
1081 579 1234 644 increduli
1249 579 1401 664 solebant.

304 690 425 756 Quodsi
436 713 500 756 non
511 690 640 756 deerant
653 690 677 754 ii
692 691 746 776 qui
758 691 926 756 eruditiore
937 714 1033 756 manu
1046 696 1251 756 monumenta
1259 695 1401 754 veterum
1420 717 1422 722 ’

303 801 493 880 evolverent,
508 807 615 865 tamen
630 802 684 866 vix
699 825 781 866 unus
796 807 829 866 et
843 803 932 881 alter,
947 808 1041 886 atque
1063 802 1087 865 ii
1102 801 1230 886 quidem
1251 799 1411 886 ineptius,¹

303 911 533 997 mythologiam
552 912 820 996 interpretandam
836 918 1049 996 susceperuut.
1093 912 1190 977 Nunc
1205 934 1278 977 vcro
1293 931 1401 975 omnes

303 1022 445 1086 omnium
474 1022 621 1107 gentium
651 1022 772 1087 fabulas
796 1022 1041 1107 diligentissime
1070 1027 1185 1086 eruunt
1213 1021 1276 1086 viri
1306 1018 1401 1097 docti,

303 1152 471 1216 earumque
500 1134 583 1196 inter
613 1156 645 1197 se
678 1133 919 1197 similitudinem
949 1132 1230 1216 cognationemque
1259 1129 1401 1194 animad-

303 1247 444 1321 vertunt,
460 1242 587 1307 demum
602 1266 710 1308 causas
730 1249 763 1307 et
781 1243 874 1308 initia
895 1267 1012 1328 magna
1027 1267 1100 1308 curn
1114 1243 1206 1307 laude
1221 1241 1401 1326 exquirunt.

303 1352 415 1436 Neque
438 1352 472 1416 id
497 1375 554 1436 pro
579 1353 659 1418 miro
682 1354 872 1420 habendum.
919 1355 982 1418 Res
1003 1361 1052 1418 est
1074 1353 1159 1418 enim
1184 1352 1404 1437 quaestionum

303 1462 461 1527 uberrima
467 1490 477 1542 ,·
501 1487 601 1548 neque
624 1464 651 1528 si
672 1470 710 1528 ut
732 1464 778 1528 ait
793 1465 980 1530 Aristoteles
1002 1463 1169 1529 admiratio
1191 1461 1340 1527 scientiae
1355 1465 1404 1525 est

302 1596 426 1658 parens,
441 1574 608 1658 quicquam
630 1574 745 1659 ubique
768 1575 942 1639 mirabilius
959 1575 1025 1640 sive
1040 1573 1217 1639 venustatis
1239 1595 1315 1657 ergo
1336 1571 1403 1636 sive

304 1683 558 1767 magnificentiae
587 1683 653 1748 sive
678 1684 889 1749 immanitatis
917 1683 1085 1747 inveneris.
1131 1683 1228 1747 Porro
1250 1681 1347 1745 etiam
1377 1679 1404 1743 si

304 1797 484 1876 reputemus
506 1816 601 1877 quarn
624 1793 720 1858 miras
737 1793 970 1859 vicissitudines
988 1800 1166 1879 temporum
1185 1797 1279 1877 atque
1299 1812 1404 1856 rerum

305 1908 397 1967 vetus
406 1903 461 1967 illa
471 1903 618 1968 Graeciae
629 1904 828 1989 mythologie
836 1909 964 1988 experta
974 1904 1027 1983 sit,
1040 1903 1194 1988 quomodo
1204 1902 1403 1985 antiquarum

179 2023 182 2034 ’
305 2013 474 2078 civitatum
495 2015 657 2098 religionis
676 2037 834 2079 sacrorum
852 2015 1054 2099 publicaeque
1069 2015 1153 2078 vitae
1174 2035 1245 2097 pars
1264 2012 1405 2076 ¹maxima

305 2122 411 2201 fuerit,
427 2129 464 2188 ut
486 2125 586 2208 poetis
608 2124 828 2188 illustrissimis
850 2131 1048 2209 argumenta,
1063 2129 1101 2187 ut
1122 2123 1316 2208 philosophis
1338 2144 1404 2186 ma·

306 2234 419 2299 teriam
434 2234 736 2299 commentationum
751 2235 946 2320 praestiterit
954 2262 963 2314 3
987 2242 1025 2300 ut
1042 2241 1151 2320 postea
1166 2233 1406 2298 increbrescenti

305 2345 402 2409 etiam
425 2345 667 2411 christianismo
689 2353 846 2432 superstes
866 2347 1074 2412 recentiorum
1098 2369 1219 2431 quoque
1241 2345 1407 2409 nationum

305 2455 418 2536 literis,
441 2457 587 2536 sermoni,
610 2457 705 2541 poesi,
729 2458 791 2522 arti
813 2456 902 2522 miris
924 2457 1027 2522 modis
1049 2479 1115 2521 sese
1136 2455 1354 2533 immiscuerit,
1370 2459 1408 2518 ut

306 2566 434 2648 demum
456 2566 527 2631 fons
552 2573 721 2651 perpetuus
744 2567 918 2651 voluptatis
941 2567 1176 2651 dulcedinisque
1202 2589 1257 2650 per
1279 2587 1405 2630 omnem

306 2676 482 2740 seculorum
497 2677 681 2742 memoriam
695 2677 979 2762 exstiterit-quis
994 2701 1058 2744 non
1073 2678 1204 2743 candem
1219 2674 1410 2742 existimarit

306 2786 528 2870 dignissimam
543 2809 609 2852 esse
623 2788 712 2872 cujus
727 2788 865 2874 origines
880 2795 1088 2874 naturamque
1103 2788 1330 2872 anquiramus?

350 2897 397 2960 II.
423 2897 623 2983 Quapropter
651 2899 799 2982 quoniam
830 2899 924 2963 multi
956 2900 1059 2963 multa
1091 2900 1149 2962 hac
1179 2898 1218 2962 de
1246 2918 1279 2960 re
1308 2917 1409 2979 nuper

307 3007 521 3072 disseruerunt
546 3008 579 3071 id
603 3009 693 3072 nobis
719 3008 879 3093 agendum
904 3014 952 3072 est
981 3013 1018 3072 ut
1044 3007 1208 3072 scientiam
1237 3029 1306 3071 eam
1332 3027 1412 3090 quae

308 3118 344 3182 in
365 3118 581 3202 mythologice
606 3124 720 3183 natura
742 3119 979 3203 originibusque
1002 3117 1233 3203 investigandis
1257 3121 1410 3194 versatur,

310 3227 496 3310 (Scientiam
510 3234 616 3292 autem
632 3229 886 3315 Mythologicam
901 3230 1036 3294 solemus
1053 3230 1230 3314 appellare)
1246 3251 1302 3314 pro
1323 3233 1411 3312 parte

309 3338 515 3417 excutiamus,
531 3344 563 3404 et
580 3362 734 3424 quaenam
752 3341 817 3425 ejus
836 3340 879 3404 sit
898 3341 1020 3405 utilitas
1033 3341 1222 3425 judicemus,
1237 3340 1411 3424 rejectoque

309 3447 393 3532 quod
406 3448 512 3512 minus
531 3454 614 3514 certe
628 3449 824 3533 exploratum
842 3450 1000 3514 videbitur
1015 3450 1098 3534 quod
1112 3472 1221 3514 verum
1242 3449 1285 3514 sit
1304 3455 1336 3514 et
1350 3449 1411 3512 fide

309 3557 446 3642 dignum
459 3558 629 3624 eliciamus.

353 3669 401 3732 At
426 3691 499 3733 vero
525 3669 560 3732 in
583 3669 650 3754 ipso
673 3670 801 3756 hujusce
827 3672 1017 3757 quaestionis
1043 3671 1151 3738 limine
1175 3670 1411 3736 dubitationem

309 3803 410 3865 neque
440 3803 508 3845 eam
526 3781 664 3867 quidem
693 3806 822 3867 parvam
852 3785 1046 3850 offendimus.
1095 3785 1223 3850 Etenim
1252 3785 1290 3849 de
1319 3785 1412 3848 rebus

310 3891 534 3977 mythologicis
556 3893 695 3978 plurimi,
719 3899 828 3980 utpote
850 3895 888 3960 de
913 3918 946 3961 rc
968 3895 1136 3974 uberrima,
1159 3896 1411 3980 disputaverunt,

310 4001 434 4066 diversa
455 4001 669 4089 investigandi
691 4005 811 4070 ratione
832 4006 882 4069 usi
903 4028 1003 4090 neque
1025 4007 1157 4071 eundem
1183 4029 1290 4072 omnes
1312 4007 1412 4072 secuti

311 4112 415 4176 finem.
465 4114 559 4179 Unde
588 4116 635 4179 ita
663 4116 782 4180 factum
811 4122 860 4180 est
888 4123 926 4181 ut
955 4117 1143 4201 scriptorum
1161 4119 1255 4183 'certe
1284 4120 1410 4204 mytho-

311 4221 486 4305 logicorum
515 4224 592 4288 satis
622 4247 739 4308 magna
768 4230 870 4290 exstet
900 4225 1082 4304 multitudo,
1112 4226 1275 4291 scientiam
1304 4232 1411 4291 autem
