<?xml version="1.0" encoding="UTF-8"?>
<!DOCTYPE html PUBLIC "-//W3C//DTD XHTML 1.0 Transitional//EN"
    "http://www.w3.org/TR/xhtml1/DTD/xhtml1-transitional.dtd">
<html xmlns="http://www.w3.org/1999/xhtml" xml:lang="en" lang="en">
 <head>
  <title>
</title>
<meta http-equiv="Content-Type" content="text/html;charset=utf-8" />
  <meta name='ocr-system' content='tesseract 3.04.00' />
  <meta name='ocr-capabilities' content='ocr_page ocr_carea ocr_par ocr_line ocrx_word'/>
</head>
<body>
  <div class='ocr_page' id='page_1' title='image "./quaenamsitmytho00hickgoog_0012.png"; bbox 0 0 3314 4938; ppageno 0'>
   <div class='ocr_carea' id='block_1_1' title="bbox 453 307 1342 406">
    <p class='ocr_par' dir='ltr' id='par_1_1' title="bbox 453 307 1342 406">
     <span class='ocr_line' id='line_1_1' title="bbox 453 307 1342 406; baseline 0.002 -24"><span class='ocrx_word' id='word_1_1' title='bbox 453 331 566 406; x_wconf 80' lang='lat' dir='ltr'><strong>quom</strong></span> <span class='ocrx_word' id='word_1_2' title='bbox 592 321 722 383; x_wconf 68' lang='lat' dir='ltr'><strong>coccae</strong></span> <span class='ocrx_word' id='word_1_3' title='bbox 747 307 937 385; x_wconf 72' lang='lat' dir='ltr'><strong>Seleuciae</strong></span> <span class='ocrx_word' id='word_1_4' title='bbox 959 309 1137 386; x_wconf 74' lang='lat' dir='ltr'><strong>utilitas?</strong></span> <span class='ocrx_word' id='word_1_5' title='bbox 1320 310 1342 384; x_wconf 74' lang='grc'><strong>7</strong></span> 
     </span>
    </p>
   </div>
   <div class='ocr_carea' id='block_1_2' title="bbox 241 507 1345 2481">
    <p class='ocr_par' dir='ltr' id='par_1_2' title="bbox 241 507 1345 2146">
     <span class='ocr_line' id='line_1_2' title="bbox 246 507 1343 595; baseline 0.003 -24"><span class='ocrx_word' id='word_1_6' title='bbox 246 507 503 594; x_wconf 80' lang='lat' dir='ltr'><strong>mythologieam,</strong></span> <span class='ocrx_word' id='word_1_7' title='bbox 515 529 628 594; x_wconf 83' lang='lat' dir='ltr'>nempe</span> <span class='ocrx_word' id='word_1_8' title='bbox 639 510 832 594; x_wconf 87' lang='lat' dir='ltr'><strong>exploratam</strong></span> <span class='ocrx_word' id='word_1_9' title='bbox 843 515 1100 595; x_wconf 77' lang='lat' dir='ltr'><strong>constantemque</strong></span> <span class='ocrx_word' id='word_1_10' title='bbox 1114 509 1343 594; x_wconf 71' lang='lat' dir='ltr'><strong>explanationis</strong></span> 
     </span>
     <span class='ocr_line' id='line_1_3' title="bbox 245 619 1345 707; baseline 0.002 -23"><span class='ocrx_word' id='word_1_11' title='bbox 245 619 399 686; x_wconf 86' lang='lat' dir='ltr'><strong>rationem</strong></span> <span class='ocrx_word' id='word_1_12' title='bbox 422 643 567 686; x_wconf 85' lang='lat' dir='ltr'><strong>veremur</strong></span> <span class='ocrx_word' id='word_1_13' title='bbox 592 627 631 686; x_wconf 91' lang='lat' dir='ltr'><strong>ut</strong></span> <span class='ocrx_word' id='word_1_14' title='bbox 653 622 852 706; x_wconf 89' lang='lat' dir='ltr'><strong>reperiamus.</strong></span> <span class='ocrx_word' id='word_1_15' title='bbox 900 623 987 687; x_wconf 91' lang='lat' dir='ltr'><strong>Nam</strong></span> <span class='ocrx_word' id='word_1_16' title='bbox 1012 621 1275 707; x_wconf 89' lang='lat' dir='ltr'><strong>opportunissime</strong></span> <span class='ocrx_word' id='word_1_17' title='bbox 1297 621 1345 686; x_wconf 88' lang='lat' dir='ltr'><strong>ait</strong></span> 
     </span>
     <span class='ocr_line' id='line_1_4' title="bbox 244 729 1344 808; baseline 0.002 -16"><span class='ocrx_word' id='word_1_18' title='bbox 244 729 408 794; x_wconf 64' lang='lat' dir='ltr'><strong>dlaconus*</strong></span> <span class='ocrx_word' id='word_1_19' title='bbox 429 729 598 795; x_wconf 86' lang='lat' dir='ltr'><strong>flexibilem</strong></span> <span class='ocrx_word' id='word_1_20' title='bbox 621 731 789 795; x_wconf 80' lang='lat' dir='ltr'><strong>admodum</strong></span> <span class='ocrx_word' id='word_1_21' title='bbox 810 731 974 796; x_wconf 85' lang='lat' dir='ltr'><strong>materiam</strong></span> <span class='ocrx_word' id='word_1_22' title='bbox 992 753 1058 796; x_wconf 89' lang='lat' dir='ltr'><strong>esse</strong></span> <span class='ocrx_word' id='word_1_23' title='bbox 1079 731 1274 808; x_wconf 72' lang='lat' dir='ltr'><strong>fabularum,</strong></span> <span class='ocrx_word' id='word_1_24' title='bbox 1297 730 1344 794; x_wconf 86' lang='lat' dir='ltr'><strong>ita</strong></span> 
     </span>
     <span class='ocr_line' id='line_1_5' title="bbox 244 841 1341 926; baseline 0 -22"><span class='ocrx_word' id='word_1_25' title='bbox 244 844 282 904; x_wconf 89' lang='lat' dir='ltr'><strong>ut</strong></span> <span class='ocrx_word' id='word_1_26' title='bbox 295 863 353 925; x_wconf 92' lang='lat' dir='ltr'><strong>pro</strong></span> <span class='ocrx_word' id='word_1_27' title='bbox 375 843 524 926; x_wconf 87' lang='lat' dir='ltr'><strong>cujusque</strong></span> <span class='ocrx_word' id='word_1_28' title='bbox 538 841 669 906; x_wconf 88' lang='lat' dir='ltr'><strong>arbitrio</strong></span> <span class='ocrx_word' id='word_1_29' title='bbox 687 842 749 907; x_wconf 90' lang='lat' dir='ltr'><strong>huc</strong></span> <span class='ocrx_word' id='word_1_30' title='bbox 770 841 846 906; x_wconf 92' lang='lat' dir='ltr'><strong>illuc</strong></span> <span class='ocrx_word' id='word_1_31' title='bbox 868 843 949 926; x_wconf 85' lang='lat' dir='ltr'><strong>fingi</strong></span> <span class='ocrx_word' id='word_1_32' title='bbox 963 841 1210 926; x_wconf 86' lang='lat' dir='ltr'><strong>conformarique</strong></span> <span class='ocrx_word' id='word_1_33' title='bbox 1224 841 1341 925; x_wconf 79' lang='lat' dir='ltr'><strong>possit:</strong></span> 
     </span>
     <span class='ocr_line' id='line_1_6' title="bbox 243 951 1342 1036; baseline 0 -20"><span class='ocrx_word' id='word_1_34' title='bbox 243 951 380 1036; x_wconf 82' lang='lat' dir='ltr'><strong>adeoque</strong></span> <span class='ocrx_word' id='word_1_35' title='bbox 395 974 502 1016; x_wconf 88' lang='lat' dir='ltr'><strong>earum</strong></span> <span class='ocrx_word' id='word_1_36' title='bbox 523 952 646 1018; x_wconf 81' lang='lat' dir='ltr'><strong>facilem</strong></span> <span class='ocrx_word' id='word_1_37' title='bbox 667 958 824 1032; x_wconf 86' lang='lat' dir='ltr'><strong>naturam,</strong></span> <span class='ocrx_word' id='word_1_38' title='bbox 840 958 878 1016; x_wconf 89' lang='lat' dir='ltr'><strong>ut</strong></span> <span class='ocrx_word' id='word_1_39' title='bbox 899 952 1120 1017; x_wconf 73' lang='lat' dir='ltr'><strong>alienissimam</strong></span> <span class='ocrx_word' id='word_1_40' title='bbox 1142 953 1253 1036; x_wconf 91' lang='lat' dir='ltr'><strong>cuique</strong></span> <span class='ocrx_word' id='word_1_41' title='bbox 1271 973 1342 1016; x_wconf 64' lang='lat' dir='ltr'><strong>sene</strong></span> 
     </span>
     <span class='ocr_line' id='line_1_7' title="bbox 243 1062 1343 1148; baseline -0.001 -22"><span class='ocrx_word' id='word_1_42' title='bbox 243 1062 377 1126; x_wconf 84' lang='lat' dir='ltr'><strong>tentiam</strong></span> <span class='ocrx_word' id='word_1_43' title='bbox 399 1062 500 1147; x_wconf 90' lang='lat' dir='ltr'><strong>lepide</strong></span> <span class='ocrx_word' id='word_1_44' title='bbox 520 1085 614 1148; x_wconf 85' lang='lat' dir='ltr'><strong>queas</strong></span> <span class='ocrx_word' id='word_1_45' title='bbox 631 1063 800 1148; x_wconf 81' lang='lat' dir='ltr'><strong>assignare.</strong></span> <span class='ocrx_word' id='word_1_46' title='bbox 846 1065 891 1128; x_wconf 89' lang='lat' dir='ltr'><strong>Et</strong></span> <span class='ocrx_word' id='word_1_47' title='bbox 907 1063 1045 1148; x_wconf 83' lang='lat' dir='ltr'><strong>profecto</strong></span> <span class='ocrx_word' id='word_1_48' title='bbox 1065 1067 1132 1126; x_wconf 91' lang='lat' dir='ltr'><strong>tam</strong></span> <span class='ocrx_word' id='word_1_49' title='bbox 1147 1063 1250 1126; x_wconf 90' lang='lat' dir='ltr'><strong>variae</strong></span> <span class='ocrx_word' id='word_1_50' title='bbox 1268 1065 1343 1126; x_wconf 89' lang='lat' dir='ltr'><strong>sunt</strong></span> 
     </span>
     <span class='ocr_line' id='line_1_8' title="bbox 243 1171 1341 1258; baseline 0.001 -23"><span class='ocrx_word' id='word_1_51' title='bbox 243 1171 282 1236; x_wconf 92' lang='lat' dir='ltr'><strong>de</strong></span> <span class='ocrx_word' id='word_1_52' title='bbox 303 1173 362 1238; x_wconf 89' lang='lat' dir='ltr'><strong>hac</strong></span> <span class='ocrx_word' id='word_1_53' title='bbox 383 1196 416 1238; x_wconf 92' lang='lat' dir='ltr'><strong>re</strong></span> <span class='ocrx_word' id='word_1_54' title='bbox 434 1173 686 1238; x_wconf 84' lang='lat' dir='ltr'><strong>doctissimorum</strong></span> <span class='ocrx_word' id='word_1_55' title='bbox 707 1175 872 1240; x_wconf 93' lang='lat' dir='ltr'><strong>hominum</strong></span> <span class='ocrx_word' id='word_1_56' title='bbox 893 1180 1021 1258; x_wconf 91' lang='lat' dir='ltr'><strong>tamque</strong></span> <span class='ocrx_word' id='word_1_57' title='bbox 1043 1174 1254 1258; x_wconf 77' lang='lat' dir='ltr'><strong>discrepantes</strong></span> <span class='ocrx_word' id='word_1_58' title='bbox 1272 1171 1341 1237; x_wconf 76' lang='lat' dir='ltr'><strong>sen-¹</strong></span> 
     </span>
     <span class='ocr_line' id='line_1_9' title="bbox 243 1285 1341 1372; baseline -0.003 -21"><span class='ocrx_word' id='word_1_59' title='bbox 243 1287 370 1367; x_wconf 82' lang='lat' dir='ltr'><strong>tentiae,</strong></span> <span class='ocrx_word' id='word_1_60' title='bbox 392 1292 431 1351; x_wconf 92' lang='lat' dir='ltr'><strong>ut</strong></span> <span class='ocrx_word' id='word_1_61' title='bbox 451 1309 615 1352; x_wconf 87' lang='lat' dir='ltr'><strong>vereamur</strong></span> <span class='ocrx_word' id='word_1_62' title='bbox 636 1309 675 1351; x_wconf 89' lang='lat' dir='ltr'><strong>ne</strong></span> <span class='ocrx_word' id='word_1_63' title='bbox 697 1287 842 1352; x_wconf 89' lang='lat' dir='ltr'><strong>nonnulli</strong></span> <span class='ocrx_word' id='word_1_64' title='bbox 864 1285 919 1372; x_wconf 91' lang='lat' dir='ltr'><strong>qui</strong></span> <span class='ocrx_word' id='word_1_65' title='bbox 941 1308 1008 1351; x_wconf 92' lang='lat' dir='ltr'><strong>rem</strong></span> <span class='ocrx_word' id='word_1_66' title='bbox 1029 1285 1246 1370; x_wconf 85' lang='lat' dir='ltr'><strong>negligentius</strong></span> <span class='ocrx_word' id='word_1_67' title='bbox 1268 1307 1341 1350; x_wconf 90' lang='lat' dir='ltr'><strong>con-</strong></span> 
     </span>
     <span class='ocr_line' id='line_1_10' title="bbox 243 1394 1343 1474; baseline -0.001 -15"><span class='ocrx_word' id='word_1_68' title='bbox 243 1394 459 1474; x_wconf 88' lang='lat' dir='ltr'><strong>sideraverint,</strong></span> <span class='ocrx_word' id='word_1_69' title='bbox 474 1395 594 1460; x_wconf 88' lang='lat' dir='ltr'><strong>incerta</strong></span> <span class='ocrx_word' id='word_1_70' title='bbox 608 1417 691 1461; x_wconf 90' lang='lat' dir='ltr'><strong>vana</strong></span> <span class='ocrx_word' id='word_1_71' title='bbox 710 1395 868 1460; x_wconf 88' lang='lat' dir='ltr'><strong>imbecilla</strong></span> <span class='ocrx_word' id='word_1_72' title='bbox 881 1395 987 1460; x_wconf 91' lang='lat' dir='ltr'><strong>omnia</strong></span> <span class='ocrx_word' id='word_1_73' title='bbox 1006 1395 1162 1474; x_wconf 86' lang='lat' dir='ltr'><strong>arbitrati,</strong></span> <span class='ocrx_word' id='word_1_74' title='bbox 1177 1394 1343 1459; x_wconf 82' lang='lat' dir='ltr'><strong>veritatem</strong></span> 
     </span>
     <span class='ocr_line' id='line_1_11' title="bbox 242 1507 813 1592; baseline 0.002 -21"><span class='ocrx_word' id='word_1_75' title='bbox 242 1507 369 1572; x_wconf 91' lang='lat' dir='ltr'><strong>omnino</strong></span> <span class='ocrx_word' id='word_1_76' title='bbox 383 1507 608 1592; x_wconf 88' lang='lat' dir='ltr'><strong>desperandam</strong></span> <span class='ocrx_word' id='word_1_77' title='bbox 622 1507 813 1573; x_wconf 87' lang='lat' dir='ltr'><strong>existiment.</strong></span> 
     </span>
     <span class='ocr_line' id='line_1_12' title="bbox 246 1617 1342 1704; baseline -0.004 -21"><span class='ocrx_word' id='word_1_78' title='bbox 246 1655 248 1660; x_wconf 68' lang='lat'><strong>,</strong></span> <span class='ocrx_word' id='word_1_79' title='bbox 286 1619 498 1684; x_wconf 82' lang='lat' dir='ltr'><strong>Quamobrem</strong></span> <span class='ocrx_word' id='word_1_80' title='bbox 517 1641 553 1683; x_wconf 90' lang='lat' dir='ltr'><strong>ea</strong></span> <span class='ocrx_word' id='word_1_81' title='bbox 572 1619 698 1683; x_wconf 89' lang='lat' dir='ltr'><strong>videtur</strong></span> <span class='ocrx_word' id='word_1_82' title='bbox 714 1618 804 1684; x_wconf 89' lang='lat' dir='ltr'><strong>nobis</strong></span> <span class='ocrx_word' id='word_1_83' title='bbox 826 1619 1006 1704; x_wconf 88' lang='lat' dir='ltr'><strong>inquirendi</strong></span> <span class='ocrx_word' id='word_1_84' title='bbox 1027 1617 1202 1682; x_wconf 86' lang='lat' dir='ltr'><strong>insistenda</strong></span> <span class='ocrx_word' id='word_1_85' title='bbox 1218 1617 1281 1695; x_wconf 88' lang='lat' dir='ltr'><strong>via,</strong></span> <span class='ocrx_word' id='word_1_86' title='bbox 1305 1621 1342 1680; x_wconf 85' lang='lat' dir='ltr'><strong>ut</strong></span> 
     </span>
     <span class='ocr_line' id='line_1_13' title="bbox 241 1727 1342 1815; baseline -0.003 -21"><span class='ocrx_word' id='word_1_87' title='bbox 241 1729 405 1794; x_wconf 83' lang='lat' dir='ltr'><strong>scientiam</strong></span> <span class='ocrx_word' id='word_1_88' title='bbox 426 1730 674 1815; x_wconf 87' lang='lat' dir='ltr'><strong>mythologicam</strong></span> <span class='ocrx_word' id='word_1_89' title='bbox 696 1753 760 1795; x_wconf 93' lang='lat' dir='ltr'><strong>non</strong></span> <span class='ocrx_word' id='word_1_90' title='bbox 775 1751 838 1796; x_wconf 91' lang='lat' dir='ltr'><strong>uno</strong></span> <span class='ocrx_word' id='word_1_91' title='bbox 860 1729 950 1815; x_wconf 89' lang='lat' dir='ltr'><strong>quasi</strong></span> <span class='ocrx_word' id='word_1_92' title='bbox 972 1733 1141 1814; x_wconf 90' lang='lat' dir='ltr'><strong>conspectu</strong></span> <span class='ocrx_word' id='word_1_93' title='bbox 1161 1727 1342 1792; x_wconf 88' lang='lat' dir='ltr'><strong>universam</strong></span> 
     </span>
     <span class='ocr_line' id='line_1_14' title="bbox 242 1838 1342 1924; baseline 0 -21"><span class='ocrx_word' id='word_1_94' title='bbox 242 1841 336 1904; x_wconf 92' lang='lat' dir='ltr'><strong>simul</strong></span> <span class='ocrx_word' id='word_1_95' title='bbox 357 1840 615 1924; x_wconf 88' lang='lat' dir='ltr'><strong>contemplemur,</strong></span> <span class='ocrx_word' id='word_1_96' title='bbox 634 1841 688 1904; x_wconf 90' lang='lat' dir='ltr'><strong>scd</strong></span> <span class='ocrx_word' id='word_1_97' title='bbox 709 1839 812 1904; x_wconf 86' lang='lat' dir='ltr'><strong>varias</strong></span> <span class='ocrx_word' id='word_1_98' title='bbox 833 1839 997 1905; x_wconf 89' lang='lat' dir='ltr'><strong>doctorum</strong></span> <span class='ocrx_word' id='word_1_99' title='bbox 1019 1839 1159 1904; x_wconf 85' lang='lat' dir='ltr'><strong>virorum</strong></span> <span class='ocrx_word' id='word_1_100' title='bbox 1180 1838 1342 1923; x_wconf 80' lang='lat' dir='ltr'><strong>opiniones</strong></span> 
     </span>
     <span class='ocr_line' id='line_1_15' title="bbox 241 1949 1342 2035; baseline 0.004 -21"><span class='ocrx_word' id='word_1_101' title='bbox 241 1973 336 2035; x_wconf 89' lang='lat' dir='ltr'><strong>quam</strong></span> <span class='ocrx_word' id='word_1_102' title='bbox 367 1950 549 2028; x_wconf 83' lang='lat' dir='ltr'><strong>brevissime</strong></span> <span class='ocrx_word' id='word_1_103' title='bbox 583 1949 721 2034; x_wconf 89' lang='lat' dir='ltr'><strong>primum</strong></span> <span class='ocrx_word' id='word_1_104' title='bbox 753 1972 976 2029; x_wconf 87' lang='lat' dir='ltr'><strong>recenseamus,</strong></span> <span class='ocrx_word' id='word_1_105' title='bbox 1005 1949 1119 2014; x_wconf 89' lang='lat' dir='ltr'><strong>deinde</strong></span> <span class='ocrx_word' id='word_1_106' title='bbox 1148 1949 1187 2014; x_wconf 92' lang='lat' dir='ltr'><strong>de</strong></span> <span class='ocrx_word' id='word_1_107' title='bbox 1219 1971 1342 2018; x_wconf 74' lang='lat' dir='ltr'><strong>summa</strong></span> 
     </span>
     <span class='ocr_line' id='line_1_16' title="bbox 241 2059 1157 2146; baseline -0.001 -21"><span class='ocrx_word' id='word_1_108' title='bbox 241 2061 422 2146; x_wconf 86' lang='lat' dir='ltr'><strong>quaestione</strong></span> <span class='ocrx_word' id='word_1_109' title='bbox 436 2060 512 2145; x_wconf 92' lang='lat' dir='ltr'><strong>quid</strong></span> <span class='ocrx_word' id='word_1_110' title='bbox 527 2060 593 2125; x_wconf 90' lang='lat' dir='ltr'><strong>veri</strong></span> <span class='ocrx_word' id='word_1_111' title='bbox 607 2060 804 2125; x_wconf 91' lang='lat' dir='ltr'><strong>simillimum</strong></span> <span class='ocrx_word' id='word_1_112' title='bbox 818 2059 961 2126; x_wconf 87' lang='lat' dir='ltr'><strong>videatur</strong></span> <span class='ocrx_word' id='word_1_113' title='bbox 971 2060 1157 2146; x_wconf 88' lang='lat' dir='ltr'><strong>judicemus.</strong></span> 
     </span>
    </p>

    <p class='ocr_par' dir='ltr' id='par_1_3' title="bbox 241 2171 1341 2481">
     <span class='ocr_line' id='line_1_17' title="bbox 284 2171 1341 2257; baseline -0.001 -21"><span class='ocrx_word' id='word_1_114' title='bbox 284 2173 350 2238; x_wconf 93' lang='lat' dir='ltr'><strong>III.</strong></span> <span class='ocrx_word' id='word_1_115' title='bbox 374 2172 545 2237; x_wconf 86' lang='lat' dir='ltr'><strong>Ordiamur</strong></span> <span class='ocrx_word' id='word_1_116' title='bbox 563 2172 666 2257; x_wconf 85' lang='lat' dir='ltr'><strong>igitur</strong></span> <span class='ocrx_word' id='word_1_117' title='bbox 682 2171 722 2236; x_wconf 87' lang='lat' dir='ltr'><strong>ab</strong></span> <span class='ocrx_word' id='word_1_118' title='bbox 737 2172 778 2236; x_wconf 91' lang='lat' dir='ltr'><strong>iis</strong></span> <span class='ocrx_word' id='word_1_119' title='bbox 793 2173 848 2257; x_wconf 90' lang='lat' dir='ltr'><strong>qui</strong></span> <span class='ocrx_word' id='word_1_120' title='bbox 862 2195 931 2237; x_wconf 92' lang='lat' dir='ltr'><strong>eam</strong></span> <span class='ocrx_word' id='word_1_121' title='bbox 946 2173 1046 2238; x_wconf 90' lang='lat' dir='ltr'><strong>secuti</strong></span> <span class='ocrx_word' id='word_1_122' title='bbox 1061 2177 1137 2236; x_wconf 93' lang='lat' dir='ltr'><strong>sunt</strong></span> <span class='ocrx_word' id='word_1_123' title='bbox 1151 2171 1341 2236; x_wconf 85' lang='lat' dir='ltr'><strong>sententiam</strong></span> 
     </span>
     <span class='ocr_line' id='line_1_18' title="bbox 241 2283 1340 2368; baseline -0.002 -20"><span class='ocrx_word' id='word_1_124' title='bbox 241 2290 279 2349; x_wconf 93' lang='lat' dir='ltr'><strong>ut</strong></span> <span class='ocrx_word' id='word_1_125' title='bbox 303 2287 419 2368; x_wconf 84' lang='lat' dir='ltr'><strong>putent</strong></span> <span class='ocrx_word' id='word_1_126' title='bbox 443 2285 479 2348; x_wconf 93' lang='lat' dir='ltr'><strong>in</strong></span> <span class='ocrx_word' id='word_1_127' title='bbox 501 2285 617 2348; x_wconf 88' lang='lat' dir='ltr'><strong>fabulis</strong></span> <span class='ocrx_word' id='word_1_128' title='bbox 640 2285 865 2368; x_wconf 83' lang='lat' dir='ltr'><strong>mythologicis</strong></span> <span class='ocrx_word' id='word_1_129' title='bbox 888 2285 1033 2349; x_wconf 88' lang='lat' dir='ltr'><strong>veritatis</strong></span> <span class='ocrx_word' id='word_1_130' title='bbox 1058 2285 1154 2349; x_wconf 89' lang='lat' dir='ltr'><strong>latere</strong></span> <span class='ocrx_word' id='word_1_131' title='bbox 1176 2283 1340 2360; x_wconf 85' lang='lat' dir='ltr'><strong>scintillas,</strong></span> 
     </span>
     <span class='ocr_line' id='line_1_19' title="bbox 241 2393 1341 2481; baseline -0.002 -23"><span class='ocrx_word' id='word_1_132' title='bbox 241 2401 335 2480; x_wconf 88' lang='lat' dir='ltr'><strong>atque</strong></span> <span class='ocrx_word' id='word_1_133' title='bbox 360 2395 406 2481; x_wconf 84' lang='lat' dir='ltr'><strong>ibi</strong></span> <span class='ocrx_word' id='word_1_134' title='bbox 429 2417 534 2460; x_wconf 91' lang='lat' dir='ltr'><strong>rerum</strong></span> <span class='ocrx_word' id='word_1_135' title='bbox 556 2400 718 2479; x_wconf 86' lang='lat' dir='ltr'><strong>gestarum</strong></span> <span class='ocrx_word' id='word_1_136' title='bbox 741 2395 962 2473; x_wconf 84' lang='lat' dir='ltr'><strong>narrationem,</strong></span> <span class='ocrx_word' id='word_1_137' title='bbox 986 2395 1062 2458; x_wconf 87' lang='lat' dir='ltr'><strong>licet</strong></span> <span class='ocrx_word' id='word_1_138' title='bbox 1085 2417 1124 2459; x_wconf 86' lang='lat' dir='ltr'><strong>ex</strong></span> <span class='ocrx_word' id='word_1_139' title='bbox 1149 2393 1341 2457; x_wconf 85' lang='lat' dir='ltr'><strong>ornamentis</strong></span> 
     </span>
    </p>
   </div>
   <div class='ocr_carea' id='block_1_3' title="bbox 239 2503 1442 2589">
    <p class='ocr_par' dir='ltr' id='par_1_4' title="bbox 239 2503 1442 2589">
     <span class='ocr_line' id='line_1_20' title="bbox 239 2503 1442 2589; baseline -0.004 -19"><span class='ocrx_word' id='word_1_140' title='bbox 239 2512 401 2589; x_wconf 86' lang='lat' dir='ltr'><strong>poetarum</strong></span> <span class='ocrx_word' id='word_1_141' title='bbox 416 2506 466 2570; x_wconf 90' lang='lat' dir='ltr'><strong>vel</strong></span> <span class='ocrx_word' id='word_1_142' title='bbox 480 2505 678 2570; x_wconf 82' lang='lat' dir='ltr'><strong>adulatorum</strong></span> <span class='ocrx_word' id='word_1_143' title='bbox 700 2505 878 2570; x_wconf 84' lang='lat' dir='ltr'><strong>laudatione</strong></span> <span class='ocrx_word' id='word_1_144' title='bbox 892 2505 943 2570; x_wconf 89' lang='lat' dir='ltr'><strong>vel</strong></span> <span class='ocrx_word' id='word_1_145' title='bbox 960 2505 1092 2589; x_wconf 91' lang='lat' dir='ltr'><strong>denique</strong></span> <span class='ocrx_word' id='word_1_146' title='bbox 1113 2505 1182 2588; x_wconf 92' lang='lat' dir='ltr'><strong>ipsa</strong></span> <span class='ocrx_word' id='word_1_147' title='bbox 1200 2503 1341 2588; x_wconf 84' lang='lat' dir='ltr'><strong>fingendi</strong></span> <span class='ocrx_word' id='word_1_148' title='bbox 1440 2571 1442 2575; x_wconf 59' lang='grc'>,</span> 
     </span>
    </p>
   </div>
   <div class='ocr_carea' id='block_1_4' title="bbox 238 2615 1341 4253">
    <p class='ocr_par' dir='ltr' id='par_1_5' title="bbox 238 2615 1341 4253">
     <span class='ocr_line' id='line_1_21' title="bbox 239 2615 1340 2702; baseline 0 -22"><span class='ocrx_word' id='word_1_149' title='bbox 239 2617 369 2681; x_wconf 92' lang='lat' dir='ltr'><strong>libidine</strong></span> <span class='ocrx_word' id='word_1_150' title='bbox 398 2639 417 2680; x_wconf 93' lang='lat' dir='ltr'><strong>a</strong></span> <span class='ocrx_word' id='word_1_151' title='bbox 445 2639 517 2682; x_wconf 91' lang='lat' dir='ltr'><strong>vero</strong></span> <span class='ocrx_word' id='word_1_152' title='bbox 546 2617 745 2696; x_wconf 89' lang='lat' dir='ltr'><strong>declinatam,</strong></span> <span class='ocrx_word' id='word_1_153' title='bbox 775 2639 794 2681; x_wconf 92' lang='lat' dir='ltr'><strong>a</strong></span> <span class='ocrx_word' id='word_1_154' title='bbox 822 2617 913 2681; x_wconf 90' lang='lat' dir='ltr'><strong>nobis</strong></span> <span class='ocrx_word' id='word_1_155' title='bbox 941 2639 1031 2702; x_wconf 90' lang='lat' dir='ltr'><strong>posse</strong></span> <span class='ocrx_word' id='word_1_156' title='bbox 1059 2615 1195 2701; x_wconf 87' lang='lat' dir='ltr'><strong>reperiri.</strong></span> <span class='ocrx_word' id='word_1_157' title='bbox 1251 2615 1340 2681; x_wconf 80' lang='lat' dir='ltr'><strong>Quae</strong></span> 
     </span>
     <span class='ocr_line' id='line_1_22' title="bbox 240 2728 1340 2813; baseline -0.001 -21"><span class='ocrx_word' id='word_1_158' title='bbox 240 2728 367 2813; x_wconf 90' lang='lat' dir='ltr'><strong>quidem</strong></span> <span class='ocrx_word' id='word_1_159' title='bbox 391 2728 608 2812; x_wconf 90' lang='lat' dir='ltr'><strong>interpretatio</strong></span> <span class='ocrx_word' id='word_1_160' title='bbox 632 2734 664 2794; x_wconf 90' lang='lat' dir='ltr'><strong>et</strong></span> <span class='ocrx_word' id='word_1_161' title='bbox 687 2729 904 2813; x_wconf 86' lang='lat' dir='ltr'><strong>antiquissima</strong></span> <span class='ocrx_word' id='word_1_162' title='bbox 924 2735 973 2793; x_wconf 89' lang='lat' dir='ltr'><strong>est</strong></span> <span class='ocrx_word' id='word_1_163' title='bbox 998 2735 1031 2793; x_wconf 90' lang='lat' dir='ltr'><strong>et</strong></span> <span class='ocrx_word' id='word_1_164' title='bbox 1054 2728 1138 2813; x_wconf 90' lang='lat' dir='ltr'><strong>apud</strong></span> <span class='ocrx_word' id='word_1_165' title='bbox 1162 2728 1340 2813; x_wconf 84' lang='lat' dir='ltr'><strong>philologos</strong></span> 
     </span>
     <span class='ocr_line' id='line_1_23' title="bbox 240 2819 1340 2924; baseline 0 -20"><span class='ocrx_word' id='word_1_166' title='bbox 240 2861 401 2924; x_wconf 91' lang='lat' dir='ltr'><strong>nunquam</strong></span> <span class='ocrx_word' id='word_1_167' title='bbox 422 2861 487 2904; x_wconf 90' lang='lat' dir='ltr'><strong>non</strong></span> <span class='ocrx_word' id='word_1_168' title='bbox 508 2819 608 2904; x_wconf 84' lang='lat' dir='ltr'><strong>latius</strong></span> <span class='ocrx_word' id='word_1_169' title='bbox 620 2839 731 2904; x_wconf 86' lang='lat' dir='ltr'><strong>valuit.</strong></span> <span class='ocrx_word' id='word_1_170' title='bbox 775 2841 863 2903; x_wconf 90' lang='lat' dir='ltr'><strong>Nam</strong></span> <span class='ocrx_word' id='word_1_171' title='bbox 883 2862 948 2904; x_wconf 88' lang='lat' dir='ltr'><strong>non</strong></span> <span class='ocrx_word' id='word_1_172' title='bbox 968 2840 1061 2904; x_wconf 90' lang='lat' dir='ltr'><strong>modo</strong></span> <span class='ocrx_word' id='word_1_173' title='bbox 1084 2841 1265 2905; x_wconf 86' lang='lat' dir='ltr'><strong>Herodotus</strong></span> <span class='ocrx_word' id='word_1_174' title='bbox 1286 2839 1340 2904; x_wconf 90' lang='lat' dir='ltr'><strong>sed</strong></span> 
     </span>
     <span class='ocr_line' id='line_1_24' title="bbox 239 2949 1339 3035; baseline -0.003 -20"><span class='ocrx_word' id='word_1_175' title='bbox 239 2951 336 3015; x_wconf 88' lang='lat' dir='ltr'><strong>etiam</strong></span> <span class='ocrx_word' id='word_1_176' title='bbox 344 2950 551 3035; x_wconf 75' lang='lat' dir='ltr'><strong>Thucydides,</strong></span> <span class='ocrx_word' id='word_1_177' title='bbox 561 2949 616 3034; x_wconf 89' lang='lat' dir='ltr'><strong>qui</strong></span> <span class='ocrx_word' id='word_1_178' title='bbox 626 2949 770 3034; x_wconf 89' lang='lat' dir='ltr'><strong>princeps</strong></span> <span class='ocrx_word' id='word_1_179' title='bbox 779 2949 888 3014; x_wconf 86' lang='lat' dir='ltr'><strong>fuitde</strong></span> <span class='ocrx_word' id='word_1_180' title='bbox 898 2949 1339 3034; x_wconf 88' lang='lat' dir='ltr'><strong>historiaphilosophantium,</strong></span> 
     </span>
     <span class='ocr_line' id='line_1_25' title="bbox 239 3061 1341 3147; baseline 0.002 -21"><span class='ocrx_word' id='word_1_181' title='bbox 239 3061 275 3126; x_wconf 90' lang='lat' dir='ltr'><strong>in</strong></span> <span class='ocrx_word' id='word_1_182' title='bbox 288 3063 373 3126; x_wconf 90' lang='lat' dir='ltr'><strong>hunc</strong></span> <span class='ocrx_word' id='word_1_183' title='bbox 389 3061 518 3126; x_wconf 89' lang='lat' dir='ltr'><strong>modum</strong></span> <span class='ocrx_word' id='word_1_184' title='bbox 535 3062 669 3127; x_wconf 92' lang='lat' dir='ltr'><strong>debello</strong></span> <span class='ocrx_word' id='word_1_185' title='bbox 689 3062 821 3147; x_wconf 73' lang='lat' dir='ltr'><strong>Trojano</strong></span> <span class='ocrx_word' id='word_1_186' title='bbox 836 3062 1086 3147; x_wconf 87' lang='lat' dir='ltr'><strong>disputaverunt,</strong></span> <span class='ocrx_word' id='word_1_187' title='bbox 1101 3062 1190 3145; x_wconf 88' lang='lat' dir='ltr'><strong>quasi</strong></span> <span class='ocrx_word' id='word_1_188' title='bbox 1208 3062 1341 3128; x_wconf 87' lang='lat' dir='ltr'><strong>mirifica</strong></span> 
     </span>
     <span class='ocr_line' id='line_1_26' title="bbox 240 3171 1338 3257; baseline 0.002 -21"><span class='ocrx_word' id='word_1_189' title='bbox 240 3171 346 3236; x_wconf 90' lang='lat' dir='ltr'><strong>omnia</strong></span> <span class='ocrx_word' id='word_1_190' title='bbox 359 3171 498 3237; x_wconf 92' lang='lat' dir='ltr'><strong>tollendo</strong></span> <span class='ocrx_word' id='word_1_191' title='bbox 509 3174 658 3238; x_wconf 90' lang='lat' dir='ltr'><strong>servando</strong></span> <span class='ocrx_word' id='word_1_192' title='bbox 673 3173 842 3252; x_wconf 89' lang='lat' dir='ltr'><strong>credibilia,</strong></span> <span class='ocrx_word' id='word_1_193' title='bbox 854 3195 960 3238; x_wconf 90' lang='lat' dir='ltr'><strong>veram</strong></span> <span class='ocrx_word' id='word_1_194' title='bbox 974 3172 1196 3257; x_wconf 83' lang='lat' dir='ltr'><strong>antiquitatem</strong></span> <span class='ocrx_word' id='word_1_195' title='bbox 1210 3173 1338 3238; x_wconf 91' lang='lat' dir='ltr'><strong>restitu-</strong></span> 
     </span>
     <span class='ocr_line' id='line_1_27' title="bbox 240 3283 1340 3368; baseline 0.002 -21"><span class='ocrx_word' id='word_1_196' title='bbox 240 3289 336 3348; x_wconf 88' lang='lat' dir='ltr'><strong>erent.</strong></span> <span class='ocrx_word' id='word_1_197' title='bbox 397 3283 503 3348; x_wconf 77' lang='lat' dir='ltr'><strong>Quam</strong></span> <span class='ocrx_word' id='word_1_198' title='bbox 529 3283 708 3367; x_wconf 89' lang='lat' dir='ltr'><strong>opinionem</strong></span> <span class='ocrx_word' id='word_1_199' title='bbox 738 3283 875 3367; x_wconf 91' lang='lat' dir='ltr'><strong>suscepit</strong></span> <span class='ocrx_word' id='word_1_200' title='bbox 903 3284 1108 3362; x_wconf 85' lang='lat' dir='ltr'><strong>Euhemerus,</strong></span> <span class='ocrx_word' id='word_1_201' title='bbox 1134 3284 1188 3368; x_wconf 92' lang='lat' dir='ltr'><strong>qui</strong></span> <span class='ocrx_word' id='word_1_202' title='bbox 1218 3284 1340 3368; x_wconf 89' lang='lat' dir='ltr'><strong>primus</strong></span> 
     </span>
     <span class='ocr_line' id='line_1_28' title="bbox 239 3392 1336 3479; baseline 0.001 -21"><span class='ocrx_word' id='word_1_203' title='bbox 239 3392 298 3458; x_wconf 84' lang='lat' dir='ltr'><strong>hac</strong></span> <span class='ocrx_word' id='word_1_204' title='bbox 323 3393 442 3458; x_wconf 89' lang='lat' dir='ltr'><strong>ratione</strong></span> <span class='ocrx_word' id='word_1_205' title='bbox 464 3393 718 3478; x_wconf 85' lang='lat' dir='ltr'><strong>explicandarum</strong></span> <span class='ocrx_word' id='word_1_206' title='bbox 742 3395 920 3458; x_wconf 90' lang='lat' dir='ltr'><strong>fabularum</strong></span> <span class='ocrx_word' id='word_1_207' title='bbox 941 3394 1046 3458; x_wconf 90' lang='lat' dir='ltr'><strong>dedita</strong></span> <span class='ocrx_word' id='word_1_208' title='bbox 1068 3417 1160 3479; x_wconf 87' lang='lat' dir='ltr'><strong>opera</strong></span> <span class='ocrx_word' id='word_1_209' title='bbox 1181 3401 1229 3458; x_wconf 88' lang='lat' dir='ltr'><strong>est</strong></span> <span class='ocrx_word' id='word_1_210' title='bbox 1252 3417 1336 3460; x_wconf 90' lang='lat' dir='ltr'><strong>usus.</strong></span> 
     </span>
     <span class='ocr_line' id='line_1_29' title="bbox 240 3502 1338 3589; baseline 0.004 -23"><span class='ocrx_word' id='word_1_211' title='bbox 240 3502 386 3586; x_wconf 91' lang='lat' dir='ltr'><strong>Namque</strong></span> <span class='ocrx_word' id='word_1_212' title='bbox 408 3503 442 3567; x_wconf 94' lang='lat' dir='ltr'><strong>in</strong></span> <span class='ocrx_word' id='word_1_213' title='bbox 459 3503 539 3568; x_wconf 93' lang='lat' dir='ltr'><strong>libro</strong></span> <span class='ocrx_word' id='word_1_214' title='bbox 561 3527 628 3582; x_wconf 92' lang='lat' dir='ltr'><strong>suc,</strong></span> <span class='ocrx_word' id='word_1_215' title='bbox 643 3503 706 3589; x_wconf 91' lang='lat' dir='ltr'><strong>(cui</strong></span> <span class='ocrx_word' id='word_1_216' title='bbox 727 3505 823 3570; x_wconf 86' lang='lat' dir='ltr'><strong>Sacra</strong></span> <span class='ocrx_word' id='word_1_217' title='bbox 841 3504 1030 3589; x_wconf 85' lang='lat' dir='ltr'><strong>Inscriptiob</strong></span> <span class='ocrx_word' id='word_1_218' title='bbox 1044 3527 1158 3570; x_wconf 89' lang='lat' dir='ltr'><strong>nomen</strong></span> <span class='ocrx_word' id='word_1_219' title='bbox 1175 3504 1338 3589; x_wconf 70' lang='lat' dir='ltr'><strong>inditum)</strong></span> 
     </span>
     <span class='ocr_line' id='line_1_30' title="bbox 240 3612 1339 3700; baseline 0.005 -25"><span class='ocrx_word' id='word_1_220' title='bbox 240 3612 381 3676; x_wconf 64' lang='lat' dir='ltr'><strong>narrant</strong></span> <span class='ocrx_word' id='word_1_221' title='bbox 402 3635 434 3677; x_wconf 92' lang='lat' dir='ltr'><strong>se</strong></span> <span class='ocrx_word' id='word_1_222' title='bbox 456 3613 542 3677; x_wconf 92' lang='lat' dir='ltr'><strong>omni</strong></span> <span class='ocrx_word' id='word_1_223' title='bbox 565 3613 697 3679; x_wconf 86' lang='lat' dir='ltr'><strong>Graecia</strong></span> <span class='ocrx_word' id='word_1_224' title='bbox 726 3637 800 3678; x_wconf 86' lang='lat' dir='ltr'><strong>mox</strong></span> <span class='ocrx_word' id='word_1_225' title='bbox 822 3615 908 3678; x_wconf 89' lang='lat' dir='ltr'><strong>Mari</strong></span> <span class='ocrx_word' id='word_1_226' title='bbox 930 3615 1038 3678; x_wconf 85' lang='lat' dir='ltr'><strong>Rubro</strong></span> <span class='ocrx_word' id='word_1_227' title='bbox 1053 3615 1269 3700; x_wconf 84' lang='lat' dir='ltr'><strong>pernavigatis</strong></span> <span class='ocrx_word' id='word_1_228' title='bbox 1298 3615 1339 3680; x_wconf 89' lang='lat' dir='ltr'><strong>ad</strong></span> 
     </span>
     <span class='ocr_line' id='line_1_31' title="bbox 240 3721 1339 3808; baseline 0.005 -24"><span class='ocrx_word' id='word_1_229' title='bbox 240 3721 383 3786; x_wconf 89' lang='lat' dir='ltr'><strong>Insulam</strong></span> <span class='ocrx_word' id='word_1_230' title='bbox 408 3722 565 3806; x_wconf 87' lang='lat' dir='ltr'><strong>quandam</strong></span> <span class='ocrx_word' id='word_1_231' title='bbox 590 3723 717 3788; x_wconf 90' lang='lat' dir='ltr'><strong>nomine</strong></span> <span class='ocrx_word' id='word_1_232' title='bbox 745 3724 940 3788; x_wconf 90' lang='lat' dir='ltr'><strong>Panchaeam</strong></span> <span class='ocrx_word' id='word_1_233' title='bbox 965 3723 1140 3808; x_wconf 86' lang='lat' dir='ltr'><strong>appulisse:</strong></span> <span class='ocrx_word' id='word_1_234' title='bbox 1170 3724 1216 3787; x_wconf 92' lang='lat' dir='ltr'><strong>ibi</strong></span> <span class='ocrx_word' id='word_1_235' title='bbox 1241 3731 1279 3790; x_wconf 92' lang='lat' dir='ltr'><strong>ut</strong></span> <span class='ocrx_word' id='word_1_236' title='bbox 1303 3725 1339 3789; x_wconf 91' lang='lat' dir='ltr'><strong>in</strong></span> 
     </span>
     <span class='ocr_line' id='line_1_32' title="bbox 239 3832 1339 3919; baseline 0.003 -23"><span class='ocrx_word' id='word_1_237' title='bbox 239 3832 367 3916; x_wconf 89' lang='lat' dir='ltr'><strong>reliquis</strong></span> <span class='ocrx_word' id='word_1_238' title='bbox 388 3854 466 3916; x_wconf 87' lang='lat' dir='ltr'><strong>quas</strong></span> <span class='ocrx_word' id='word_1_239' title='bbox 487 3832 615 3897; x_wconf 87' lang='lat' dir='ltr'><strong>adiisset</strong></span> <span class='ocrx_word' id='word_1_240' title='bbox 636 3832 766 3897; x_wconf 90' lang='lat' dir='ltr'><strong>urbibus</strong></span> <span class='ocrx_word' id='word_1_241' title='bbox 787 3839 991 3898; x_wconf 90' lang='lat' dir='ltr'><strong>monumenta</strong></span> <span class='ocrx_word' id='word_1_242' title='bbox 1011 3833 1147 3918; x_wconf 87' lang='lat' dir='ltr'><strong>plurima</strong></span> <span class='ocrx_word' id='word_1_243' title='bbox 1167 3835 1339 3919; x_wconf 89' lang='lat' dir='ltr'><strong>titulosque</strong></span> 
     </span>
     <span class='ocr_line' id='line_1_33' title="bbox 239 3941 1338 4028; baseline 0.006 -24"><span class='ocrx_word' id='word_1_244' title='bbox 239 3941 412 4008; x_wconf 87' lang='lat' dir='ltr'><strong>invenisse:</strong></span> <span class='ocrx_word' id='word_1_245' title='bbox 443 3944 557 4028; x_wconf 92' lang='lat' dir='ltr'><strong>quibus</strong></span> <span class='ocrx_word' id='word_1_246' title='bbox 582 3944 727 4028; x_wconf 86' lang='lat' dir='ltr'><strong>perlectis</strong></span> <span class='ocrx_word' id='word_1_247' title='bbox 749 3967 785 4010; x_wconf 89' lang='lat' dir='ltr'><strong>eo</strong></span> <span class='ocrx_word' id='word_1_248' title='bbox 814 3969 879 4010; x_wconf 91' lang='lat' dir='ltr'><strong>esse</strong></span> <span class='ocrx_word' id='word_1_249' title='bbox 904 3945 1074 4010; x_wconf 86' lang='lat' dir='ltr'><strong>adductum</strong></span> <span class='ocrx_word' id='word_1_250' title='bbox 1103 3949 1141 4010; x_wconf 88' lang='lat' dir='ltr'><strong>ut</strong></span> <span class='ocrx_word' id='word_1_251' title='bbox 1169 3946 1338 4012; x_wconf 83' lang='lat' dir='ltr'><strong>affirmaret</strong></span> 
     </span>
     <span class='ocr_line' id='line_1_34' title="bbox 240 4054 1337 4141; baseline 0.004 -25"><span class='ocrx_word' id='word_1_252' title='bbox 240 4073 346 4117; x_wconf 91' lang='lat' dir='ltr'><strong>omnes</strong></span> <span class='ocrx_word' id='word_1_253' title='bbox 371 4076 448 4138; x_wconf 91' lang='lat' dir='ltr'><strong>quos</strong></span> <span class='ocrx_word' id='word_1_254' title='bbox 473 4055 612 4139; x_wconf 89' lang='lat' dir='ltr'><strong>plerique</strong></span> <span class='ocrx_word' id='word_1_255' title='bbox 634 4054 707 4120; x_wconf 91' lang='lat' dir='ltr'><strong>deos</strong></span> <span class='ocrx_word' id='word_1_256' title='bbox 732 4055 948 4121; x_wconf 86' lang='lat' dir='ltr'><strong>existimarent</strong></span> <span class='ocrx_word' id='word_1_257' title='bbox 970 4077 1076 4141; x_wconf 86' lang='lat' dir='ltr'><strong>reapse</strong></span> <span class='ocrx_word' id='word_1_258' title='bbox 1097 4061 1238 4120; x_wconf 89' lang='lat' dir='ltr'><strong>veterum</strong></span> <span class='ocrx_word' id='word_1_259' title='bbox 1259 4056 1337 4120; x_wconf 88' lang='lat' dir='ltr'><strong>civi·</strong></span> 
     </span>
     <span class='ocr_line' id='line_1_35' title="bbox 238 4165 1337 4253; baseline 0.005 -27"><span class='ocrx_word' id='word_1_260' title='bbox 238 4166 343 4227; x_wconf 86' lang='lat' dir='ltr'><strong>tatum</strong></span> <span class='ocrx_word' id='word_1_261' title='bbox 364 4187 453 4248; x_wconf 83' lang='lat' dir='ltr'><strong>reges</strong></span> <span class='ocrx_word' id='word_1_262' title='bbox 474 4165 685 4249; x_wconf 91' lang='lat' dir='ltr'><strong>primoresque</strong></span> <span class='ocrx_word' id='word_1_263' title='bbox 706 4165 812 4246; x_wconf 86' lang='lat' dir='ltr'><strong>fuisse,</strong></span> <span class='ocrx_word' id='word_1_264' title='bbox 834 4189 912 4252; x_wconf 91' lang='lat' dir='ltr'><strong>quos</strong></span> <span class='ocrx_word' id='word_1_265' title='bbox 934 4166 973 4230; x_wconf 96' lang='lat' dir='ltr'><strong>ob</strong></span> <span class='ocrx_word' id='word_1_266' title='bbox 995 4166 1147 4230; x_wconf 87' lang='lat' dir='ltr'><strong>virtutem</strong></span> <span class='ocrx_word' id='word_1_267' title='bbox 1168 4166 1233 4231; x_wconf 89' lang='lat' dir='ltr'><strong>sive</strong></span> <span class='ocrx_word' id='word_1_268' title='bbox 1255 4167 1337 4253; x_wconf 92' lang='lat' dir='ltr'><strong>sapi-</strong></span> 
     </span>
    </p>
   </div>
   <div class='ocr_carea' id='block_1_5' title="bbox 320 4309 1252 4470">
    <p class='ocr_par' dir='ltr' id='par_1_6' title="bbox 320 4309 1252 4470">
     <span class='ocr_line' id='line_1_36' title="bbox 320 4309 1252 4375; baseline 0.001 -15"><span class='ocrx_word' id='word_1_269' title='bbox 320 4319 332 4344; x_wconf 81' lang='lat'><strong>·</strong></span> <span class='ocrx_word' id='word_1_270' title='bbox 350 4309 493 4375; x_wconf 83' lang='lat' dir='ltr'><strong>‘Sapientia</strong></span> <span class='ocrx_word' id='word_1_271' title='bbox 504 4311 646 4372; x_wconf 82' lang='lat' dir='ltr'><strong>Veterum,&#39;</strong></span> <span class='ocrx_word' id='word_1_272' title='bbox 658 4311 841 4363; x_wconf 84' lang='lat' dir='ltr'><strong>Introduction.</strong></span> <span class='ocrx_word' id='word_1_273' title='bbox 857 4343 861 4349; x_wconf 82' lang='lat'><em>=</em></span> <span class='ocrx_word' id='word_1_274' title='bbox 1005 4312 1017 4345; x_wconf 71' lang='lat' dir='ltr'><strong>b</strong></span> <span class='ocrx_word' id='word_1_275' title='bbox 1034 4309 1095 4374; x_wconf 68' lang='lat' dir='ltr'><strong>&#39;lead</strong></span> <span class='ocrx_word' id='word_1_276' title='bbox 1105 4310 1252 4374; x_wconf 74' lang='grc' dir='ltr'><strong>Ἀναγραφή.</strong></span> 
     </span>
     <span class='ocr_line' id='line_1_37' title="bbox 755 4420 817 4470; baseline 0.097 -6"><span class='ocrx_word' id='word_1_277' title='bbox 755 4420 775 4464; x_wconf 84' lang='grc' dir='ltr'><em>Β</em></span> <span class='ocrx_word' id='word_1_278' title='bbox 798 4422 817 4470; x_wconf 77' lang='lat'>2</span> 
     </span>
    </p>
   </div>
   <div class='ocr_carea' id='block_1_6' title="bbox 0 0 1662 4938">
    <p class='ocr_par' dir='ltr' id='par_1_7' title="bbox 0 0 1662 4938">
     <span class='ocr_line' id='line_1_38' title="bbox 0 0 1662 4938; baseline 0 2"><span class='ocrx_word' id='word_1_279' title='bbox 0 0 1662 4938; x_wconf 95' lang='lat' dir='ltr'><strong> </strong></span> 
     </span>
    </p>
   </div>
  </div>
 </body>
</html>
