3314 4938
429 343 541 416 quom
566 329 696 393 vocuat
721 315 909 393 Seleuciae
934 315 1111 392 utilitas?
1277 317 1324 387 2‘1

228 515 382 602 siquidem
396 517 451 582 vix
472 523 520 582 est
541 517 673 582 dubium
687 517 765 602 quin
787 516 894 582 fabula
915 515 970 582 illa
984 516 1023 581 de
1045 516 1156 582 Cerere
1170 520 1294 601 raptam
1308 539 1328 580 a

227 627 362 692 Plutone
385 626 606 712 Proserpinam
625 626 806 710 exquirente
828 632 944 690 terram
969 623 1070 710 ipsam
1093 625 1250 711 significet
1275 622 1328 691 de·

226 741 360 806 siderare
379 744 577 823 praereptam
591 739 630 803 ab
645 738 748 802 hieme
768 742 928 802 aestatem.
974 737 1015 801 In
1029 739 1198 823 ceterisque
1216 737 1330 803 fabulis

227 851 343 914 similia
361 849 527 914 inveneris.
573 849 684 932 Neque
706 848 802 912 etiam
819 847 1051 913 Historicorum
1068 849 1209 934 opinioni
1230 850 1328 915 inter-

226 967 353 1046 pretum
367 961 563 1044 aliquatenus
577 959 671 1025 fidem
686 959 862 1024 habendam
875 959 1057 1024 infitiamur.
1099 959 1229 1044 Saepius
1243 962 1329 1026 enim

227 1073 266 1138 de
280 1073 372 1138 rebus
386 1073 486 1158 gestis
503 1073 605 1136 multa
623 1072 817 1137 incredibilia
837 1078 1014 1136 commenta
1033 1095 1098 1137 esse
1112 1073 1329 1157 cognovimus,

178 1217 194 1244 ι
227 1183 351 1268 qualem
362 1183 450 1246 illam
459 1183 498 1248 de
508 1183 596 1247 urbis
605 1183 746 1268 Cyrenae
755 1183 878 1267 origine
887 1205 981 1267 supra
989 1182 1230 1247 memoravimus
1238 1182 1328 1246 fabu-

227 1296 301 1361 lam.
346 1296 481 1380 Egimus
495 1319 569 1360 vero
584 1299 621 1360 ut
638 1317 690 1360 eos
704 1315 806 1360 errare
825 1295 1058 1360 ostenderemus
1079 1295 1133 1380 qui
1151 1294 1329 1360 universam

227 1407 459 1492 mythologiam
473 1430 512 1471 ex
526 1405 675 1491 allegoria
689 1405 739 1470 vel
754 1428 793 1470 ex
807 1405 938 1470 historia
952 1405 1078 1470 fluxisse
1093 1393 1328 1470 contenderent.

227 1517 379 1600 Pleraque
401 1522 508 1581 autem
532 1539 609 1600 quae
632 1515 672 1581 ab
696 1516 872 1601 allegoricis
889 1516 940 1581 vel
963 1517 1002 1581 ab
1026 1515 1185 1582 historicis
1208 1517 1330 1581 somnia

228 1629 429 1714 proferuntur
450 1627 656 1713 adeo'inepta
677 1634 752 1693 suut
775 1634 811 1693 ut
828 1629 883 1692 vix
904 1629 1108 1694 confutentur
1126 1609 1261 1694 ¹necesse¹
1274 1629 1326 1693 sit.

230 1739 293 1803 Sed
314 1740 427 1805 tertius
448 1740 502 1804 ille
523 1739 750 1823 interpretandi
772 1739 884 1804 modus
901 1739 1162 1824 (comparativum
1183 1740 1330 1824 dicimus)

229 1851 301 1934 plus
312 1850 347 1912 in
355 1872 388 1913 se
398 1849 530 1914 rationis
540 1849 654 1914 habere
666 1849 829 1934 magisque
840 1850 925 1934 apud
935 1850 1179 1915 litteratissimus
1188 1850 1330 1915 homines

228 1960 345 2044 pollere
366 1959 541 2024 videbatur.
603 1958 757 2024 Quocirca
777 1960 852 2024 huie
874 1959 982 2044 generi
999 1959 1171 2024 maximam
1186 1959 1330 2024 dedimus

229 2093 365 2154 operam,
378 2076 418 2134 ut.
429 2069 464 2132 hi
475 2068 549 2132 novi
561 2068 747 2153 interpretes
756 2069 789 2132 in
798 2067 911 2153 quibus
922 2069 1085 2134 haererent
1094 2069 1329 2153 explicaremus,

228 2185 300 2244 tum
321 2180 472 2264 quidnam
493 2180 560 2244 veri
582 2179 684 2244 simile
706 2180 940 2245 commentariis
962 2180 1027 2244 suis
1049 2180 1241 2244 exhiberent.
1286 2181 1330 2244 Et

230 2315 303 2355 sane
318 2292 460 2356 omnium
472 2289 527 2373 qui
542 2290 774 2374 mythologiam
782 2296 1008 2368 tractaverunt,
1019 2291 1077 2355 hos
1092 2291 1176 2375 ipsos
1190 2291 1330 2375 proxime

230 2425 336 2467 avero
354 2402 459 2466 abesse
475 2400 683 2478 arbitramur3
707 2400 761 2485 qui
784 2400 811 2464 si
832 2400 973 2464 nondum
995 2401 1171 2486 fugientem
1189 2401 1331 2466 veritatis

229 2514 376 2599 praedam
393 2513 624 2599 occupaverint,
635 2513 703 2598 jam
721 2512 833 2577 saltem
848 2511 1017 2577 odorantur
1034 2512 1171 2598 ipsisque
1186 2513 1332 2598 vestigiis

230 2627 446 2709 insequuntur.
493 2625 578 2688 Sunt
592 2624 678 2689 enim
691 2624 844 2709 quaedam
858 2630 1037 2690 constantes
1051 2630 1213 2710 certaeque
1227 2648 1333 2690 rerum

229 2733 484 2820 inquirendarum
495 2736 581 2820 leges
589 2761 599 2813 ;
621 2758 720 2820 neque
731 2736 836 2800 omnia
846 2736 992 2800 omnibus
1003 2737 1104 2801 modis
1116 2737 1189 2802 licet
1200 2737 1331 2802 investi-

230 2870 315 2932 gare.
360 2847 485 2932 Nempe
508 2845 646 2910 siderum
668 2852 774 2910 motus
795 2847 1071 2932 conversionesque
1089 2847 1280 2913 observando
1300 2854 1334 2912 et

230 2959 439 3043 computando
468 2958 657 3044 indagamus
667 2984 677 3036 ;
712 2981 761 3022 res
789 2963 896 3022 autem
924 2957 1099 3036 historicas,
1129 2964 1334 3022 monumenta

230 3069 366 3133 eruendo
377 3074 517 3133 auctores
531 3068 714 3147 evolvendo,
726 3073 798 3132 tum
809 3068 1024 3152 comparandis
1038 3068 1122 3134 inter
1132 3092 1165 3134 se
1173 3069 1334 3154 gentibus,

232 3177 439 3264 temporibus,
453 3177 557 3254 rebus,
572 3177 812 3262 investigamus.
859 3181 926 3243 Hac
944 3179 1054 3244 eadem
1068 3180 1190 3252 ratione
1204 3187 1337 3246 utantur

231 3289 328 3354 etiam
371 3287 550 3374 mythologi
588 3291 724 3372 oportet,
754 3311 854 3372 neque
886 3289 956 3354 ullo
995 3290 1087 3355 modo
1123 3293 1338 3376 mythologiae

232 3408 378 3468 naturam
405 3400 621 3486 originemque
638 3389 863 3485 'praeterquam
889 3425 928 3466 ex
950 3403 1181 3488 comparatione
1202 3403 1337 3468 inveniri

232 3535 322 3596 posse
339 3511 527 3595 judicamus.
596 3567 599 3574 .

278 3606 372 3686 XIV.
396 3623 471 3685 Jam
488 3645 561 3686 vero
581 3623 716 3706 primam
736 3646 866 3709 eamque
885 3627 1035 3710 majorem
1052 3633 1176 3691 nostrae
1195 3626 1336 3712 disputa-

232 3733 331 3799 tionis
352 3739 476 3818 partem
496 3733 701 3798 absolvimus.
746 3734 834 3798 Nam
855 3736 987 3801 scientia
1004 3737 1106 3802 omnis
1120 3745 1272 3822 tanquam
1286 3737 1339 3801 via

233 3845 386 3927 quaedam
397 3845 438 3908 ad
448 3845 616 3910 veritatem
628 3845 879 3928 consequendam
890 3847 1017 3912 videtur
1028 3871 1111 3926 esse,·
1136 3871 1215 3932 quae
1229 3854 1338 3930 utrum

234 3953 317 4018 bona
331 3955 481 4040 utilisque
498 3955 540 4019 sit
555 3955 675 4039 duplici
694 3955 787 4019 modo
802 3979 949 4040 quaerere
966 3958 1049 4022 licet.
1096 3959 1239 4022 Primum
1254 3958 1339 4022 enim

232 4060 356 4128 deviae
377 4064 478 4149 ipsius
501 4072 614 4129 natura
633 4065 847 4149 quaerendum
869 4073 927 4146 est,
943 4092 983 4132 au
1006 4069 1084 4133 bene
1106 4069 1230 4133 munita
1251 4074 1284 4132 et
1306 4069 1341 4132 in

233 4177 305 4238 tuto
331 4174 386 4253 sit,
408 4198 449 4238 an
472 4179 557 4239 recta
578 4175 619 4238 ad
641 4179 789 4258 optatum
812 4177 906 4240 finem
935 4180 1024 4243 ferat.
1070 4179 1192 4244 Deinde
1214 4179 1252 4244 de
1274 4179 1342 4263 ipso

233 4282 295 4348 fine
312 4307 406 4368 quem
428 4285 647 4368 consequimur
677 4285 947 4368 considerandum,
968 4312 1008 4353 an
1031 4289 1073 4353 sit
1095 4289 1161 4374 ipsc
1182 4290 1343 4377 honestus,
