3314 4938
295 339 343 407 24
552 322 745 424 Quaenam
769 329 817 407 sit
842 317 1116 427 Mpttolobe'cac

160 584 165 620 3
297 528 532 598 cautione'ista
556 531 741 615 philosopha
767 529 1010 614 sit'praeditus:
1041 551 1119 614 quae
1141 527 1269 612 quidem
1294 525 1400 589 omnia

297 645 373 708 adeo
395 663 464 706 raro
486 642 521 705 in
541 663 604 706 uno
618 641 687 705 viro
702 663 883 706 concurrere
905 641 1016 719 solent,
1031 646 1069 704 ut
1083 640 1139 703 vix
1159 639 1276 702 mirum
1291 637 1334 701 sit
1354 637 1402 700 ita

298 751 594 838 paucos'exstitisse
619 749 674 836 qui
697 775 764 816 rem
786 751 1035 836 mythologioam
1057 751 1190 815 scienter
1218 753 1401 813 tractarent.

299 864 480 928 Nonnullos
495 863 656 928 nominare
670 885 847 947 possumus,
864 862 1053 940 Renanium,
1069 861 1253 938 Prellerum,
1271 857 1400 923 Welok-

300 995 399 1052 erum,
416 974 459 1036 K.
473 973 515 1038 O.
540 979 573 1037 et
587 973 636 1037 M.
657 972 838 1050 Muelleros,
853 971 908 1055 qui
924 971 951 1034 si
965 971 1065 1034 tantis
1087 970 1225 1054 ingeniis
1247 992 1282 1033 ac
1297 968 1399 1060 labor·

299 1085 371 1150 ibus
393 1084 440 1148 ita
461 1072 602 1168 paullum
616 1083 814 1167 profecerint,
830 1083 875 1147 rei
897 1082 996 1166 ipsius
1018 1081 1194 1146 incredibili
1216 1078 1401 1144 obscuritati

301 1200 463 1278 acceptum
478 1189 655 1259 referemus.

347 1306 407 1369 XI.
431 1307 476 1370 Et
490 1305 638 1388 quoniam
653 1304 691 1368 de
705 1303 751 1368 rei
765 1303 865 1388 ipsius
879 1303 1063 1368 difficultate
1077 1303 1178 1368 dicere
1192 1302 1402 1378 instituimus,

303 1418 394 1500 plura
425 1417 493 1500 jam
530 1420 699 1479 occurrunt
734 1414 769 1478 in
798 1414 912 1498 quibus
941 1415 1133 1478 haereamus.
1192 1413 1278 1477 Nam
1305 1435 1402 1496 quum

304 1527 477 1591 Muellerus
499 1526 654 1617 ceterique
678 1525 732 1609 qui
756 1523 795 1589 ab
821 1523 929 1588 eadem
945 1524 1030 1588 'sunt
1053 1524 1220 1608 disciplina
1248 1525 1311 1588 toti
1338 1523 1403 1588 fere

303 1661 322 1702 a
336 1635 520 1721 linguarum
530 1637 761 1721 comparatione
775 1635 923 1720 pendent,
934 1636 1122 1718 eandemque
1133 1635 1310 1698 fabularum
1325 1657 1403 1718 quae

301 1749 485 1832 linguarum
506 1743 745 1831 inquisitionem
766 1745 971 1824 arbitrantur,
995 1747 1086 1810 nobis
1109 1769 1182 1810 vero
1205 1745 1404 1830 mythologie

302 1867 335 1924 et
364 1857 573 1944 grammatica
601 1859 739 1922 multum
767 1857 851 1921 inter
877 1881 908 1922 se
934 1857 1083 1921 videntur
1112 1857 1295 1940 discrepare.
1341 1856 1403 1919 Re·

300 1949 472 2055 spiciamus
495 1971 580 2034 enim
603 1970 772 2054 paullisper
798 1969 1060 2053 quemadmodum
1087 1968 1270 2052 linguarum
1299 1970 1403 2029 muta-

304 2082 406 2146 tiones
420 2081 488 2144 fieri
510 2082 638 2146 soleant.
683 2081 795 2165 Neque
816 2080 901 2144 enim
921 2085 1040 2143 certam
1055 2079 1094 2142 ad
1116 2102 1249 2143 norman
1263 2078 1405 2143 consulto

306 2193 476 2275 loquuntur
490 2191 653 2268 homines3
676 2214 776 2276 neque
792 2191 898 2255 dedita
912 2213 1005 2274 opera
1026 2191 1106 2254 hanc
1121 2213 1229 2254 vocem
1244 2191 1405 2270 mutilant,

306 2305 394 2368 illam
409 2304 597 2389 producunt,
612 2305 689 2370 alias
703 2305 795 2370 aliter
809 2305 991 2368 immutant.
1022 2305 1069 2368 At
1084 2309 1194 2388 sponte
1209 2310 1241 2368 et
1255 2310 1406 2388 tanquam

306 2422 421 2480 natura
443 2417 521 2482 duee
543 2417 701 2501 loquimur
722 2417 873 2501 plerique,
888 2416 976 2478 nulla
996 2415 1176 2498 regularum
1191 2415 1241 2479 vel
1261 2438 1405 2500 praecep-

305 2533 415 2592 torum
437 2529 557 2592 ratione
578 2529 706 2592 habita:
731 2533 763 2592 et
785 2533 913 2591 tantum
934 2525 1032 2589 insita
1054 2526 1188 2609 quadam
1202 2526 1235 2589 vi
1258 2549 1407 2612 caecoque

309 2637 474 2701 suavitatis
504 2638 657 2702 desiderio
686 2638 726 2701 ad
754 2638 861 2702 literas
888 2637 1022 2721 syllabas
1044 2659 1135 2701 voces
1163 2638 1331 2702 mutandas
1356 2638 1406 2701 in·

309 2748 442 2812 scientes
464 2747 525 2832 ipsi
548 2748 749 2832 impellimur.
796 2745 907 2832 Longe
929 2752 1035 2812 autem
1057 2748 1119 2812 alia
1137 2749 1314 2812 fabularum
1337 2749 1406 2813 red·

309 2859 410 2923 denda
423 2859 513 2926 ratio.
558 2861 634 2924 Non
654 2859 739 2924 enim
758 2863 796 2923 ut
817 2859 922 2923 verbis
946 2858 993 2922 ita
1014 2858 1130 2922 fabulis
1144 2859 1327 2942 quotidiano
1348 2882 1409 2923 usu

308 2970 384 3034 adeo
398 2970 614 3048 assuescimm,
629 2976 667 3034 ut
680 2993 737 3034 nos
759 2969 843 3054 ipsos
857 2969 953 3034 etiam
967 2969 1051 3033 inter
1069 2969 1260 3052 loquendum
1277 2971 1408 3050 lateant,

308 3074 489 3163 insciisque
504 3081 595 3144 nobis
624 3103 663 3143 ex
692 3102 743 3144 ore
772 3079 926 3144 excidant.
969 3081 1030 3144 Est
1058 3079 1196 3164 profecto
1222 3081 1409 3145 vocabulum

308 3191 393 3254 iners
415 3189 563 3273 quiddam
581 3196 674 3273 atque
699 3190 860 3254 immobile
868 3217 878 3268 3
909 3214 944 3254 ea
963 3196 1070 3255 autem
1089 3191 1266 3257 fabularum
1285 3197 1409 3270 natura,

310 3307 348 3365 ut
361 3295 430 3386 ipsa
444 3301 649 3366 oblectatione
660 3301 802 3364 animum
816 3301 964 3380 excitent,
974 3325 1074 3386 neque
1088 3302 1135 3366 ita
1148 3303 1273 3367 recitari
1287 3303 1410 3386 possint

309 3419 347 3477 ut
361 3422 425 3477 n‘on
439 3435 478 3476 ex
493 3413 653 3477 recitantis
668 3414 718 3476 vel
732 3435 770 3476 ex
785 3412 981 3476 audientium
995 3411 1186 3496 cogitatione
1200 3436 1319 3478 novum
1333 3435 1409 3497 quo-

309 3513 475 3588 dammodo
499 3525 632 3588 colorem
656 3527 851 3587 mutuentur.
897 3523 1045 3608 Adeoque
1069 3545 1176 3587 omnes
1205 3546 1326 3608 semper
1355 3547 1411 3588 suo

310 3634 441 3719 quisque
469 3659 508 3700 ex
544 3636 675 3700 arbitrio
703 3635 824 3700 fabulas
860 3635 1019 3714 adornare,
1050 3636 1203 3719 supplere,
1232 3641 1410 3720 permutare

311 3745 423 3824 solent,
438 3751 477 3810 ut
493 3747 562 3831 jam
575 3746 732 3830 proverbii
746 3747 851 3811 locum
871 3746 1013 3810 obtineat
1032 3746 1151 3811 anullo
1167 3769 1255 3830 posse
1270 3747 1411 3811 fabulam

309 3857 430 3920 narrari
463 3858 540 3942 quin
569 3881 607 3923 ex
620 3891 621 3894 ¹
635 3859 703 3943 ipsa
738 3858 915 3922 narratione
944 3858 1174 3940 aliquantulum
1204 3863 1410 3941 permutetur.

314 3968 419 4033 Quam
433 3970 655 4034 vocabulorum
670 3970 913 4054 mythorumque
936 3968 1177 4052 discrepantiam
1199 3975 1237 4032 ut
1258 3970 1412 4054 explicare

312 4080 417 4144 verbis
432 4080 568 4159 difficile,
583 4080 630 4145 ita
643 4080 803 4144 luculento
824 4079 992 4163 specimine
1008 4080 1191 4144 confirmare
1209 4080 1244 4144 in
1263 4085 1412 4164 promptu

312 4197 368 4256 est.
414 4191 538 4276 Nempe
561 4189 761 4275 grammatici
784 4190 880 4254 etiam
903 4189 1066 4254 literarum
1091 4191 1175 4256 inter
1198 4213 1231 4259 se
1250 4194 1410 4276 permuta-

312 4303 412 4368 tiones
428 4305 500 4385 (quo
522 4301 598 4385 quid
621 4301 778 4365 videretur
799 4300 950 4365 incertius
959 4301 986 4383 l)
1002 4303 1256 4367 constantissimo
1278 4301 1412 4386 quodam
