3314 4938
467 375 580 447 quoru
607 363 737 424 uocant
763 347 954 424 scientiae
974 346 1149 424 utilitas?
1306 357 1352 439 21

257 550 387 634 requirit
410 550 664 634 etymologorum
694 549 839 634 princeps
870 547 1012 626 Curtius,
1036 548 1125 632 origo
1151 546 1287 631 petenda
1310 552 1359 612 est

256 661 495 746 mythologice?
542 660 698 725 Quisnam
718 659 809 723 nobis
830 660 915 722 viam
941 657 1194 722 demonstrabit?
1239 657 1359 722 Utrum

255 772 290 834 in
304 772 343 836 iis
359 795 436 854 quae
456 793 512 854 per
528 775 673 834 naturam
692 770 784 849 fiunt,
800 792 842 832 an
862 769 896 832 in
915 768 954 832 iis
976 790 1054 852 quae
1074 768 1234 832 mentibus
1255 768 1358 832 homi-

254 905 333 946 num
354 882 584 965 concipiuntur,
599 886 708 944 utrum
729 879 764 943 in
786 902 850 943 una
869 879 974 963 aliqua
987 885 1072 943 terra
1091 902 1133 942 an
1147 879 1182 942 in
1203 877 1357 942 universis

255 999 386 1057 naturae
400 993 521 1057 vicibus
537 991 763 1075 explorandum
778 997 844 1054 est:
868 1013 946 1053 num
965 989 1000 1053 in
1015 1012 1126 1053 aurora
1141 993 1173 1052 et
1189 988 1357 1052 matutinis

254 1105 351 1168 radiis
370 1105 420 1168 vel
442 1104 476 1168 in
498 1103 637 1186 aequatis
652 1102 734 1166 caelo
749 1101 911 1164 montibus
930 1101 1147 1183 montiumque
1163 1099 1356 1163 torrentibus

254 1217 364 1281 rivulis
378 1217 507 1281 deorum
520 1215 649 1280 nomina
662 1213 868 1298 agnoscenda,
880 1236 958 1276 num
971 1213 1102 1277 heroum
1116 1235 1155 1276 ex
1170 1212 1238 1296 ipsa
1251 1235 1356 1276 rerum

183 1319 185 1322 ⁵
254 1335 416 1414 gestarum
442 1328 573 1392 historia
598 1350 640 1391 an
664 1349 703 1390 ex
728 1327 820 1390 rebus
846 1325 985 1410 physicis
1011 1325 1202 1409 repetenda?
1247 1326 1356 1390 Potest

254 1441 341 1504 enim
350 1441 511 1524 Ἀχιλλεύς
521 1440 568 1502 ita
578 1439 674 1502 fuisse
683 1439 786 1502 dictus
797 1443 948 1520 tanquam
963 1437 1036 1521 ‘qui
1051 1422 1356 1522 populummodera·

255 1549 355 1614 retur'
370 1549 388 1634 (⁴
394 1549 553 1633 Εχέλαος),
566 1548 648 1612 sieut
657 1547 806 1612 dicuntur
815 1547 1020 1626 Echedemus,
1031 1547 1245 1626 Echestratus,
1255 1547 1356 1610 Eche-

255 1661 346 1745 polis,
368 1663 523 1741 βασιλεύς,
546 1664 746 1745 Λευτυχίδης,
769 1660 820 1724 vel
840 1666 991 1742 tanquam
1014 1660 1152 1744 ‘lapides
1170 1661 1357 1738 continens,'

255 1771 516 1854 quemadmodum
530 1770 706 1854 appellatur
716 1773 802 1834 λεύω.
835 1769 900 1834 Qui
911 1792 984 1832 vero
999 1769 1108 1833 heroas
1122 1782 1154 1833 et
1165 1770 1238 1834 deos
1249 1793 1289 1834 ex
1299 1771 1356 1834 ho·

254 1880 393 1944 minibus
415 1904 471 1964 per
485 1880 618 1943 nimiam
632 1885 832 1963 posterorum
846 1879 1079 1942 venerationem
1096 1879 1196 1943 factos
1210 1887 1312 1963 putat,
1328 1881 1357 1944 is

254 1992 388 2075 priorem
402 1992 609 2076 amplectetur
622 1991 930 2074 interpretationem
954 1989 1007 2074 qui
1022 2013 1061 2054 ex
1075 1996 1204 2056 naturae
1216 1998 1355 2057 contem»

253 2103 392 2187 piatione
421 2103 607 2186 religionem
635 2107 744 2166 natam
772 2107 886 2180 censet,
916 2102 1022 2185 potius
1051 2101 1169 2166 flumen
1197 2103 1355 2167 Achillem

253 2213 348 2278 fuisse
372 2213 538 2297 judicabit.
585 2213 728 2296 Utraque
757 2219 863 2277 autem
892 2213 971 2278 ratio
1000 2213 1100 2296 ipsius
1125 2213 1212 2278 verbi
1237 2213 1355 2278 formae

253 2324 381 2408 perinde
404 2324 559 2387 convenit.
605 2324 767 2388 Praeterea
788 2323 843 2406 qui
866 2324 1078 2407 mythicorum
1099 2324 1166 2387 vim
1190 2324 1355 2388 nominum

252 2431 450 2518 interpretari
465 2435 587 2512 volunt,
603 2433 674 2497 aliis
696 2433 793 2497 etiam
807 2434 914 2496 modis
934 2434 1012 2512 falli,
1028 2434 1067 2497 ab
1090 2433 1216 2498 eodemn
1231 2440 1356 2498 auctore

253 2545 410 2609 monitum
431 2546 667 2629 est—‘Nempe
689 2544 766 2608 dum
789 2545 979 2609 Graecorum
1000 2545 1129 2610 nomina
1148 2545 1278 2609 deorum
1300 2545 1356 2608 In·

254 2655 332 2720 diois
357 2661 473 2720 temere
497 2656 684 2720 adsimulare
710 2656 852 2740 cupiunt,
881 2679 970 2740 saepe
997 2656 1197 2720 manifestam
1221 2657 1356 2721 vocabu·

254 2768 356 2832 lorum
381 2773 529 2832 naturam
554 2769 701 2832 videntur
726 2770 983 2852 praetermittere.
1031 2771 1159 2835 Scilicet
1183 2772 1357 2836 Muellerus

250 2879 369 2960 Ἔρωτα
393 2903 465 2944 eum
490 2879 617 2942 nomine
641 2879 776 2962 quodam
802 2879 885 2962 apud
908 2880 1042 2944 Vedicas
1067 2904 1173 2964 preces
1198 2889 1359 2966 comparat

254 3012 314 3072 quo
344 2991 390 3053 sol
418 2997 569 3074 tanquam
595 3013 701 3055 cursor
725 2990 898 3054 invocatur.
944 2991 991 3054 At
1016 3014 1078 3074 qua
1106 2991 1225 3056 ratione
1254 2999 1358 3076 potest

249 3099 349 3182 Ἔρως
364 3123 381 3164 a
396 3107 446 3164 tot
460 3103 603 3185 cognatis
617 3103 747 3167 vocibus
762 3104 836 3184 ἔρος,
848 3104 961 3184 ἔραμαι,
973 3104 1061 3184 ἐράω,
1078 3106 1189 3186 ἐρατός,
1206 3105 1357 3187 ἐρατεινία
1470 3089 1473 3094 ¹

178 3257 186 3278 r
254 3209 395 3275 secerni?
418 3233 496 3294 quae
511 3211 550 3274 ab
566 3211 634 3294 ipso
650 3212 806 3295 Cupidine
820 3213 960 3277 derivata
974 3237 1065 3278 nemo
1084 3214 1219 3278 finxerit.
1265 3214 1355 3279 idem

253 3321 349 3385 etiam
370 3321 408 3385 de
429 3321 485 3385 illo
506 3321 673 3385 Charitum
693 3328 800 3406 etymo
817 3323 1035 3406 judicandum,
1056 3347 1132 3406 quas
1155 3325 1229 3387 solis
1251 3325 1354 3407 splen.-

253 3430 361 3496 dentes
385 3454 478 3516 equas
501 3455 520 3496 a
543 3431 646 3516 primo
669 3432 765 3496 fuisse
790 3433 964 3498 Muellerus
989 3433 1222 3518 interpretatur.
1269 3433 1356 3500 Quid

254 3563 325 3605 vero
340 3541 378 3605 de
393 3548 443 3606 tot
456 3543 639 3627 propinquis
653 3543 813 3608 vocabulis
828 3545 916 3628 χαρά,
932 3547 1036 3628 χαίρω,
1053 3547 1217 3628 χαρίζομαι,
1233 3548 1356 3628 χαρίεις,

253 3651 431 3715 faciendum
446 3655 574 3718 censet?
596 3654 778 3738 praesertim
798 3677 896 3737 quum
916 3656 1027 3718 Charis
1048 3677 1087 3718 ex
1101 3677 1186 3719 mero
1206 3655 1357 3718 vocabulo

251 3785 417 3846 personam
438 3763 579 3836 divinam
599 3765 738 3842 induere,
754 3765 881 3848 perinde
896 3772 989 3850 atque
1004 3766 1089 3849 apud
1105 3765 1280 3829 Homerum
1294 3767 1358 3829 Ate

252 3871 302 3933 vel
326 3873 426 3952 Hebe,
449 3873 598 3938 facillime
620 3873 796 3958 potuisset)
841 3876 937 3939 Plura
956 3899 995 3939 ex
1015 3875 1123 3938 eodem
1143 3880 1267 3938 auctore
1287 3896 1358 3937 mu·
1476 3912 1479 3917 ·

143 3982 147 3988 ’
252 3981 334 4042 tuari
363 3983 474 4048 liberet
484 4009 494 4061 3
529 4007 567 4047 ex
597 3983 636 4047 iis
665 3990 771 4048 tamen
801 4007 879 4068 quae
908 3985 1097 4069 protulimus
1127 3985 1203 4047 satis
1233 3989 1359 4050 constat

251 4091 477 4187 etymologiam
517 4093 557 4156 ad
587 4093 802 4178 mythologiae
831 4095 987 4179 originem
1018 4099 1224 4176 naturamque
1253 4093 1358 4176 expla-

254 4199 387 4278 nandas,
400 4224 431 4266 se
446 4203 518 4286 ipsa
532 4226 596 4267 non
611 4226 676 4268 esse
694 4208 883 4269 contentam.

734 4362 748 4390 ¹¹
766 4353 875 4404 Curtius.
