3314 4938
267 283 272 294 ⁵
303 317 355 386 18
513 313 526 322 ”
571 313 764 404 Quaenam
789 312 837 387 sit
863 311 1142 411 Mytholopiouc

306 511 356 575 uti
372 511 418 576 sol
438 533 539 576 rorem
559 533 650 576 mane
670 511 773 595 primo
793 511 964 594 despectat,
980 509 1027 573 ita
1046 507 1205 593 Cephalus
1226 508 1410 574 Procridem

306 624 409 709 prima
426 625 595 710 juventute
612 625 751 705 'dilexit3
775 625 899 709 quando
922 631 1029 690 autem
1050 626 1090 689 ab
1112 625 1199 689 omni
1220 626 1299 690 roris
1321 627 1409 692 stilla

306 733 381 798 solis
396 757 479 798 nova
492 734 598 819 imago
613 733 839 818 ingeminatur,
849 734 919 798 ideo
935 733 1057 799 Procris
1068 733 1204 798 alterum
1213 735 1408 818 eundemque

307 843 482 927 Cephalum
496 845 648 908 amavisse
664 844 774 908 fertur.
819 843 1079 908 Deinde'Procris
1094 843 1216 908 Dianae
1231 844 1410 927 percutitur

305 953 388 1032 telis,
404 977 481 1038 quae
503 955 571 1039 ipsa
588 955 692 1020 radios
712 954 852 1019 referunt
874 953 948 1018 solis
964 955 1034 1038 jam
1054 952 1220 1017 meridiani
1245 975 1407 1038 roremque

305 1063 497 1149 dissipantis.
542 1066 686 1150 Denique
701 1065 857 1150 Cephalus
872 1066 1005 1149 conjuge
1019 1087 1039 1127 a
1053 1086 1085 1128 se
1099 1063 1201 1127 invito
1216 1063 1406 1149 interempta

305 1174 367 1239 iter
392 1176 585 1241 occidentem
612 1198 721 1240 versus
750 1175 925 1254 continuat,
955 1174 1029 1258 quia
1057 1180 1090 1238 et
1120 1175 1166 1239 sol
1195 1175 1261 1259 ipsc
1290 1175 1406 1242 siccato

305 1308 324 1350 a
346 1309 379 1350 se
402 1309 469 1350 rore
491 1285 532 1350 ad
558 1308 709 1351 oceanum
730 1285 860 1350 festinat
886 1283 1111 1370 vespertinum.
1156 1285 1225 1348 Ista
1250 1308 1289 1348 ex
1315 1291 1407 1368 tanto

305 1418 434 1460 numero
450 1397 537 1460 adid
559 1397 643 1480 quod
663 1397 771 1481 agitur
786 1396 942 1461 sufficient
957 1395 1087 1459 fortasse
1102 1396 1253 1480 exempla.
1284 1397 1406 1482 ¹Atque

305 1508 362 1570 has
385 1512 467 1571 certe
488 1505 666 1571 fabularum
687 1506 897 1571 enarrationes
914 1528 1007 1570 nemo
1029 1505 1160 1590 negabit
1181 1505 1405 1590 pulcherrimas

305 1616 415 1681 videri.
461 1618 482 1680 J
484 1618 713 1682 ucundissimae
729 1618 842 1682 saltem
863 1622 948 1695 sunt,
964 1617 1133 1680 dummodo
1147 1639 1248 1684 verae.
1293 1618 1406 1702 Neque

305 1727 402 1794 etiam
431 1750 496 1791 non
525 1728 674 1792 videntur
703 1727 840 1793 strictim
869 1733 951 1792 certe
983 1727 1163 1812 legentibus
1192 1727 1311 1811 aliquid
1339 1729 1405 1792 veri

305 1837 524 1902 similitudinis
545 1861 619 1923 prae
642 1861 675 1904 se
698 1839 787 1904 ferre.
833 1838 1039 1902 Proferuntur
1061 1861 1172 1922 nempe
1194 1861 1213 1902 a
1232 1838 1309 1903 viris
1331 1839 1404 1903 doc-¹

304 1948 436 2013 tissimis
457 1949 714 2033 peritissimisque
738 1949 939 2035 philologiae,
962 1956 1034 2014 tum
1055 1973 1074 2013 a
1096 1949 1227 2014 scientia
1249 1973 1344 2034 quam
1366 1950 1405 2015 de

304 2058 424 2142 linguis
441 2059 634 2143 appellamus
656 2059 820 2143 praecipue
834 2060 983 2143 pendent,
999 2082 1060 2142 qua
1081 2060 1170 2123 nulla
1191 2061 1319 2125 omnino
1341 2060 1405 2124 dis·

304 2167 420 2252 ciplina
448 2167 564 2232 nostris
592 2169 785 2252 temporibus
815 2169 991 2252 gratiosior.
1037 2167 1142 2233 Quare
1171 2169 1199 2233 si
1224 2169 1405 2255 hujusmodi

303 2277 571 2362 interpretationis
600 2278 692 2342 simul
730 2284 929 2344 venustatem
964 2279 1058 2343 simul
1094 2280 1403 2346 verisimilitudinem

304 2387 543 2466 consideramus,
572 2387 702 2454 minime
731 2388 911 2453 mirandum
940 2389 1000 2453 erit
1029 2411 1098 2452 eam
1123 2391 1286 2454 auctoresf
1314 2413 1403 2474 prae-

303 2496 490 2562 clarissimos
525 2496 707 2560 testimonio
743 2519 798 2561 suo
835 2497 1076 2561 confirmavisse.
1135 2497 1257 2562 Quodsi
1285 2499 1404 2563 statim

304 2607 441 2692 specioso
463 2607 599 2690 quodam
622 2607 726 2690 lepore
749 2605 916 2686 allicimur,
931 2612 1039 2671 tamen
1062 2629 1095 2672 re
1118 2607 1309 2692 exploratius
1332 2631 1403 2693 per-

305 2723 411 2804 specta
425 2717 524 2782 facere
538 2739 603 2780 non
617 2739 781 2800 possumus
796 2715 874 2800 quin
893 2739 1083 2801 magnopere
1098 2718 1289 2783 haereamus.
1335 2703 1404 2782 Ita-

304 2849 364 2912 que
393 2848 491 2911 quum
520 2824 667 2889 Muelleri
699 2824 800 2889 nostri
834 2825 952 2909 scripta
984 2849 1103 2910 magna
1136 2849 1208 2890 cum
1240 2815 1404 2910 voluptate

302 2939 444 3004 evolvere
456 2938 575 3002 soleant
586 2959 704 3014 omnes,
716 2936 744 3000 is
755 2942 862 3000 tamen
871 2936 1098 3002 sententiarum
1108 2937 1290 3022 plerumque
1301 2942 1407 3002 status

300 3050 426 3114 videtur
447 3070 524 3126 esse,
539 3053 577 3112 ut
591 3047 625 3109 in
645 3045 794 3110 Muelleri
809 3047 904 3111 verba
923 3047 1037 3134 oppido
1056 3047 1149 3135 pauci
1166 3049 1272 3134 jurare
1286 3047 1399 3127 velint,

298 3158 394 3223 ceteri
418 3156 532 3221 malint
555 3154 707 3219 haesitare
732 3177 831 3239 neque
854 3177 960 3220 veram
984 3179 1083 3242 neque
1106 3157 1218 3248 falsam
1243 3159 1309 3242 ejus
1329 3159 1401 3246 ¹opi-

299 3269 427 3334 nionem
460 3289 526 3332 esse
560 3266 723 3344 affirmare,
754 3267 808 3330 sed
836 3271 963 3331 tantum
995 3268 1140 3352 judicatu
1173 3267 1401 3332 difficillimam.

302 3380 407 3446 Quare
430 3377 578 3464 quoniam
597 3378 682 3441 hunc
704 3377 808 3442 locum
830 3400 921 3442 nemo
940 3378 1024 3463 quod
1044 3377 1178 3442 sciamus
1196 3378 1299 3443 adhuc
1318 3384 1401 3443 trac·

299 3491 427 3569 taverit,
451 3487 603 3553 libentius
626 3487 696 3552 ideo
714 3510 824 3552 verum
851 3489 988 3554 maximo
1002 3488 1088 3552 'oum
1112 3488 1225 3553 timore
1251 3488 1285 3552 id
1310 3487 1401 3552 nobis

301 3601 516 3687 proponimus,
531 3603 569 3662 ut
583 3602 686 3662 totam
700 3598 782 3663 hano
797 3599 1043 3684 comparativam
1062 3621 1156 3683 quam
1176 3604 1291 3663 vocant
1312 3620 1401 3662 enar·

300 3712 469 3776 raudarum
483 3708 661 3773 fabularum
681 3709 835 3775 rationem
857 3709 1032 3774 accuratius
1054 3707 1292 3793 perpendamus,
1307 3714 1401 3793 atque

300 3822 406 3889 omnia
420 3844 498 3906 quae
512 3820 628 3906 opponi
643 3821 765 3908 possint
779 3820 1018 3886 consideremus.

307 3951 310 3956 '
342 3935 422 4000 VII.
445 3935 551 4019 Atque
572 3956 636 3997 una
657 3939 740 3998 certe
758 3933 964 3997 dubitationis
984 3953 1077 3998 causa
1095 3953 1195 4016 neque
1215 3953 1251 3997 ea
1273 3931 1399 4016 quidem

297 4046 375 4113 lovis
403 4045 552 4110 continuo
582 4043 718 4109 occurrit
747 4044 893 4108 omnibus
920 4042 975 4127 qui
1004 4044 1056 4107 vel
1084 4039 1222 4106 strictim
1251 4041 1399 4107 Muelleri

296 4164 530 4242 oeterorumque
544 4155 642 4221 libros
657 4154 845 4240 attigerunt.
891 4154 1038 4238 Namque
1056 4174 1163 4216 omnes
1178 4145 1321 4236 omnium
1336 4152 1399 4216 fere

328 4318 337 4348 ¹
352 4337 374 4370 e.
383 4335 407 4384 g.
422 4320 569 4380 Mommsen,
585 4317 706 4380 ‘History
717 4316 745 4365 oi
753 4315 846 4373 Roma’
858 4315 905 4365 vol.
917 4315 933 4365 i.
947 4331 989 4379 pp.
1004 4317 1041 4372 18,
1056 4326 1093 4378 19.
1113 4313 1216 4376 English
1228 4311 1384 4363 translation.
