3314 4938
326 301 374 380 28,
597 296 790 386 Quaenam
816 294 861 368 sit
887 293 1159 392 Mytholoqicoc

321 516 364 568 an
383 493 482 573 utilis,
498 514 539 557 an
556 493 667 578 magni
687 493 908 560 aestimandus.
955 493 1099 558 Quorum
1114 492 1264 576 quoniam
1284 493 1424 577 primum

321 604 398 670 satis
427 603 570 668 videmur
601 603 814 688 explicavisse,
845 609 943 669 restat
975 609 1014 667 ut
1045 603 1180 668 alterum
1212 603 1320 687 paucis
1349 626 1423 669 oon-

322 715 501 782 sideremus.
560 715 605 780 Et
636 737 693 780 nos
723 715 849 800 quidem
883 714 1021 781 Socratis
1053 713 1183 778 minime
1213 715 1423 800 suffragamur

322 825 505 903 sentcntiae,
532 825 586 910 qui
612 825 646 890 in
673 826 815 890 Platonis
841 826 982 891 Phaedro
1005 825 1051 890 itu
1076 825 1265 910 perstringit
1291 848 1342 890 eos
1368 827 1423 910 qui

323 936 557 1023 mythologicae
571 936 719 1004 scientiae
733 937 812 1002 dant
827 959 962 1021 operam,
973 942 1127 1020 tanquam
1136 944 1146 974 ‘
1155 936 1274 1021 agresti
1289 937 1426 1020 quadam

324 1052 458 1112 utantur
482 1047 729 1132 philosophicas
758 1048 839 1112 hanc
866 1047 951 1112 enim
978 1047 1177 1131 disciplinam
1203 1047 1424 1132 dignissimam

326 1179 392 1224 esse
417 1161 566 1243 putamus
588 1179 667 1244 qnae
693 1180 816 1224 summo
842 1155 1006 1224 doctorum
1027 1157 1166 1222 virorum
1189 1158 1294 1222 studio
1320 1159 1423 1224 eluou·
1460 1189 1474 1210 ·

324 1269 443 1334 bretun.
490 1268 680 1352 Quanquam
699 1268 722 1332 ii
741 1273 825 1334 certe
844 1269 912 1336 falli
926 1269 1075 1335 videntur
1089 1270 1144 1354 qui
1163 1292 1202 1334 ex
1221 1271 1280 1336 hac
1295 1269 1427 1335 scientia

323 1380 424 1446 literis
438 1383 472 1444 et
485 1379 571 1464 poesi
585 1379 775 1444 Graecorum
791 1385 885 1465 atque
900 1381 1116 1446 Romanorum
1130 1403 1285 1465 magnum
1299 1381 1426 1466 aliquod

323 1491 432 1556 lumen
459 1490 645 1554 affulsurum
670 1497 807 1576 sperant.
867 1492 966 1556 Istius
991 1491 1077 1556 enim
1106 1491 1322 1577 mythologiae
1347 1513 1425 1576 quac

323 1601 408 1686 apud
423 1601 558 1666 Graecos
573 1601 732 1686 Italosque
747 1602 855 1668 floruit
872 1602 968 1687 longe
982 1601 1078 1666 altius
1092 1602 1219 1667 videtur
1233 1603 1323 1687 origo
1337 1623 1424 1688 repc-

323 1711 429 1777 tenda.
473 1712 580 1796 Atque
595 1712 644 1777 uti
665 1712 762 1796 siquis
782 1713 823 1778 ad
837 1713 927 1778 fluvii
947 1718 1043 1798 caput
1060 1714 1224 1778 ascendere
1239 1714 1318 1778 velit
1331 1713 1425 1778 urbes

325 1829 419 1890 notae
440 1829 533 1908 atque
555 1823 670 1909 oppida
690 1829 762 1909 post
784 1830 912 1910 tergum
934 1847 1023 1910 saepe
1046 1830 1121 1890 sunt
1146 1825 1357 1909 relinquenda,
1380 1825 1427 1888 ita

328 1935 382 2020 qui
396 1935 517 2001 fontem
531 1933 746 2020 originemque
760 1935 937 2002 fabularum
952 1937 1133 2021 exquirunt,
1148 1936 1266 2002 relictis
1278 1935 1426 2000 Graeciae

328 2045 501 2131 Italiaeque
525 2046 636 2124 literis,
658 2046 699 2112 ad
723 2047 900 2130 antiquiora
924 2047 1028 2112 secula
1048 2069 1144 2131 eaque
1165 2048 1289 2112 rudiora
1310 2047 1427 2112 debent

329 2159 472 2224 transire.
506 2158 600 2224 Quod
610 2163 715 2224 autern
731 2158 772 2223 ad
783 2159 918 2224 Graecas
930 2159 1090 2243 Italusque
1104 2159 1211 2225 literas
1225 2158 1427 2224 illustrandas

328 2270 477 2357 pertinet,
492 2269 569 2336 satis
583 2267 710 2335 videtur
723 2269 912 2336 intellexisse
927 2270 1077 2355 quidnam
1094 2271 1157 2355 ipsi
1170 2271 1209 2335 de
1228 2293 1285 2334 sua
1299 2270 1426 2355 mytho·

327 2383 414 2469 logia
425 2387 545 2448 veteres
558 2382 722 2448 senserint.
760 2384 849 2468 Ergo
864 2384 965 2468 igitur
979 2383 1111 2448 scientia
1124 2383 1187 2447 ista
1201 2381 1428 2466 mythologica,

328 2517 407 2580 quae
424 2516 519 2578 quam
539 2493 582 2558 sit
595 2494 737 2578 jucunda
758 2494 890 2578 cognitu
911 2516 1003 2558 nemo
1026 2493 1195 2571 dubitabit,
1214 2493 1324 2557 ceteris
1345 2493 1426 2556 nihil

328 2605 467 2672 scientiis
496 2605 661 2688 profutura
689 2609 747 2682 est,
777 2604 961 2688 inutilisque
990 2602 1060 2668 ideo
1084 2602 1279 2688 judicanda?
1323 2603 1428 2667 Immo

327 2715 355 2780 ai
368 2715 451 2782 nihil
464 2715 551 2779 aliud
564 2715 686 2780 fructus
701 2736 740 2778 ex
754 2715 813 2780 hac
827 2714 992 2799 disciplina
1011 2719 1174 2800 appareret
1190 2720 1313 2799 praeter
1326 2714 1428 2798 ipsam

327 2826 505 2911 inquirendi
521 2827 730 2912 voluptatem,
744 2826 950 2892 nihilominus
971 2848 1040 2890 eam
1062 2826 1201 2890 maximo
1224 2847 1316 2908 opere
1337 2847 1428 2891 exco-

328 2938 455 3004 lendam
484 2960 550 3004 esse
574 2938 795 3022 judicaremus.
841 2937 906 3002 Qui
936 2937 1021 3001 enim
1049 2935 1273 3019 philosophum
1303 2957 1335 3000 se
1363 2957 1429 3000 esse

330 3049 506 3134 profitetur,
521 3049 555 3112 id
575 3054 633 3126 est,
649 3048 874 3132 speculatorem
888 3051 1129 3128 venatoremque
1146 3049 1287 3123 naturae,
1303 3045 1330 3109 is
1347 3045 1429 3110 veri·

332 3165 433 3224 tatem
463 3157 605 3224 omnium
638 3159 785 3243 primam,
814 3157 903 3221 nulla
932 3156 1082 3221 utilitatis
1111 3156 1162 3222 vel
1191 3156 1346 3222 commodi
1376 3179 1431 3240 spe

332 3271 474 3349 allectus,
505 3269 648 3356 persequi
679 3269 781 3334 debet.
844 3269 917 3332 Lux
948 3267 1034 3333 enim
1067 3268 1225 3352 imprimis
1256 3269 1432 3351 quaerenda

332 3384 529 3470 philosophe,
544 3405 609 3447 non
629 3382 750 3447 fructus
765 3386 836 3446 est.r
879 3381 982 3446 Nobis
996 3373 1070 3446 v'ero
1084 3380 1123 3445 de
1142 3381 1201 3444 hac
1221 3380 1432 3465 pulcherrima

332 3495 463 3560 seientia
477 3493 698 3578 quaerentibus
715 3493 810 3578 longe
830 3494 922 3557 aliter
936 3493 1071 3557 videtur.
1117 3493 1264 3576 Namque
1284 3492 1334 3556 his
1348 3497 1430 3556 tem-

330 3605 470 3690 poribus,
488 3606 537 3669 uti
559 3605 698 3670 diximus
720 3605 754 3669 in
776 3605 945 3689 prooemio,
960 3605 1021 3668 viri
1039 3605 1124 3669 docti
1146 3604 1320 3687 disciplinis
1341 3626 1429 3688 prae-

331 3717 441 3783 sertim
464 3717 623 3782 historicis
645 3718 845 3796 incumbunt,
861 3718 895 3781 in
915 3717 1029 3802 quibus
1050 3722 1088 3780 ut
1110 3721 1212 3780 cetera
1233 3717 1339 3781 omnia
1351 3740 1431 3800 quac

329 3830 370 3894 ad
384 3829 515 3896 humani
530 3831 656 3914 generis
670 3831 895 3915 antiquitatem
913 3830 1075 3914 pertinent
1089 3829 1330 3912 diligentissime
1345 3851 1429 3893 scru-

328 3948 450 4022 tantur,
465 3943 512 4007 ita
533 3943 567 4006 in
587 3947 654 4007 tam
676 3943 851 4028 longinqua
873 3946 1032 4006 vetustate
1048 3940 1102 4025 qui
1123 3940 1307 4024 opinionum
1330 3946 1432 4006 status

329 4055 426 4122 fuerit
441 4054 581 4140 quaestio
596 4053 723 4119 videtur
738 4053 934 4118 difficillima.

589 4210 603 4247 ‘1
620 4201 726 4251 Phaedr.
743 4215 790 4265 2²9
804 4203 832 4250 ll.

589 4295 599 4318 ¹
616 4285 709 4348 Bacca,
723 4285 826 4334 Nouum
838 4285 977 4348 organum,
989 4284 1039 4334 Bk.
1053 4283 1069 4332 i.
1086 4295 1140 4331 rar.
