3314 4938
443 325 556 396 quom
581 311 713 372 cocunt
738 296 927 372 scientiae
953 297 1126 372 utilitas?
1285 303 1331 370 29

276 495 349 560 XV.
375 495 437 560 Sed
447 517 511 558 una
525 493 708 579 praesertim
722 515 771 557 res
782 499 830 558 cst
841 498 934 578 atque
946 517 981 559 ea
993 494 1119 578 quidem
1134 495 1334 579 gravissima,

232 631 311 694 quae
334 607 400 672 sine
423 606 468 672 rei
494 605 726 691 mythologicae
746 603 907 688 explorata
931 605 1111 689 cognitione
1136 627 1333 691 nequaquam

231 724 337 804 potest
350 719 419 802 ipsa
433 717 530 802 probe
544 715 693 799 intelligi.
740 714 940 800 Religionem
954 715 1086 780 dicimus
1099 738 1211 800 easque
1226 739 1334 782 omnes

119 819 123 830 ⁸
231 831 270 894 de
295 830 424 893 deorum
450 832 563 891 natura
591 821 754 910 opiniones
784 848 862 911 quae
888 826 971 910 apud
1000 825 1153 910 populum
1178 848 1333 911 quemque

231 941 413 1024 viguerunt.
460 937 592 1001 Constat
612 958 724 1020 nempe
743 935 840 999 insita
854 935 988 1020 quadam
1003 937 1037 1000 vi
1054 936 1166 1000 adduci
1188 936 1333 1002 homines
1424 994 1425 998 ,

232 1055 271 1112 ut
291 1048 365 1112 deos
387 1069 452 1112 esse
476 1046 622 1122 credant;
646 1066 745 1129 neque
770 1047 953 1129 cujusquam
978 1045 1085 1129 gentis
1107 1046 1183 1110 adeo
1209 1047 1333 1112 inculta

232 1159 339 1224 feritas
357 1164 414 1238 est,
430 1164 467 1222 ut
484 1157 604 1222 nullam
624 1179 728 1222 rerum
744 1155 923 1221 divinarum
941 1157 1118 1222 habendam
1138 1179 1204 1223 esse
1224 1180 1332 1223 curam

231 1271 398 1336 existimet.
433 1270 475 1333 In
485 1270 544 1334 hac
555 1275 664 1334 tamen
675 1268 882 1333 similitudine
897 1269 1070 1352 plurimum
1081 1269 1212 1334 interest
1223 1272 1331 1355 quales

230 1402 369 1464 quaeque
390 1379 478 1444 natio
501 1379 574 1443 deos
596 1378 686 1444 colat.
733 1378 782 1442 Ut
803 1377 889 1442 enim
911 1378 984 1442 deos
1006 1379 1113 1443 cuncti
1130 1385 1331 1461 venerantur,

230 1491 277 1555 ita
290 1491 388 1555 bonos
403 1512 467 1554 non
481 1512 588 1554 omnes
603 1490 740 1568 habent;
762 1512 863 1574 neque
878 1489 991 1554 certior
1006 1489 1072 1554 ulla
1091 1495 1167 1555 nota
1182 1493 1331 1577 cujusque

229 1601 338 1685 populi
361 1623 494 1665 morum¹
510 1601 694 1684 ingeniique
719 1600 851 1685 reperiri
876 1605 992 1684 potest,
1021 1623 1116 1684 quam
1143 1601 1333 1668 iudeorum

229 1734 306 1795 quos
335 1711 410 1774 colit
439 1717 562 1774 natura.
609 1710 703 1774 Quod
730 1711 826 1794 siquis
851 1717 901 1774 tot
927 1711 1128 1776 dissimilium
1149 1712 1188 1777 dc
1214 1713 1330 1779 divinis

229 1822 323 1885 rebus
346 1820 590 1903 numinibusque
607 1819 791 1902 opinionum
813 1821 969 1906 originem
990 1827 1198 1907 naturamque
1220 1827 1328 1911 exqui-

229 1929 397 2009 retendit,
414 1929 630 2015 mythologiac
650 1935 795 1994 naturam
811 1915 938 1997 necesse·
949 1933 1012 1998 erit
1031 1934 1118 2018 prius
1132 1941 1328 2020 perspectam

228 2045 352 2109 habeat.
384 2041 561 2126 Religionis
572 2048 678 2107 autem
693 2048 839 2107 naturam
850 2066 959 2128 operae
971 2067 1035 2110 esse
1045 2046 1182 2130 pretium
1196 2047 1326 2112 investi-

228 2176 303 2240 gare
322 2159 360 2235 ut
382 2177 437 2238 per
461 2175 493 2218 sc
514 2153 713 2238 perspicuum
731 2161 788 2234 cst,
808 2155 855 2218 ita
872 2156 922 2219 vel
945 2156 1018 2220 inde
1040 2157 1147 2244 colligi
1168 2164 1284 2248 potest,
1299 2160 1327 2223 si

229 2272 409 2350 reputemus
429 2265 463 2326 in
486 2265 624 2327 maximo
646 2286 767 2347 quoque
784 2270 923 2349 tempore
943 2267 1074 2330 humani
1095 2269 1219 2352 generis
1234 2292 1328 2352 quem

229 2377 332 2442 locum
347 2375 457 2460 religio
472 2375 619 2439 tenuerit.
667 2375 754 2439 Haec
776 2361 883 2440 autem
900 2376 1115 2443 universarum
1137 2380 1328 2464 religionum

229 2488 359 2552 scientia
388 2485 489 2570 qualis
519 2486 626 2550 futura
653 2508 719 2550 esse
749 2486 903 2566 videatur,
933 2489 988 2552 vix
1017 2489 1197 2554 adumbrari
1226 2492 1328 2558 adhuc

229 2597 347 2660 nedum
373 2597 466 2658 certis
492 2596 689 2661 lineamentis
715 2597 846 2662 describi
876 2604 990 2682 potest,
1016 2606 1127 2684 utpote
1153 2624 1248 2686 quam
1273 2604 1328 2666 vix

213 2725 312 2768 ·unus
334 2711 366 2769 et
387 2705 465 2768 alter
487 2705 644 2789 attingere
666 2712 796 2771 conatus
815 2707 868 2770 sit.
915 2709 987 2774 Hoc
1009 2715 1137 2775 tantum
1159 2713 1328 2780 statuimus

229 2837 295 2880 rem
324 2815 426 2899 ipsam
456 2815 586 2878 maximi
620 2838 685 2880 esse
717 2818 880 2897 momenti,
910 2824 980 2882 tum
1009 2842 1072 2884 non
1102 2821 1168 2888 sine
1197 2827 1329 2890 scientia

228 2925 444 3011 mythologice
459 2927 607 3011 explicari
622 2949 719 3010 posse.

273 3037 360 3100 Haeo
375 3036 410 3099 in
424 3037 491 3100 loco
505 3037 662 3101 uberrimo
675 3039 751 3102 satis
766 3039 896 3104 fortasse
910 3041 971 3104 crit
985 3041 1180 3108 indicavisse.
1221 3047 1328 3132 Atque

180 3184 182 3190 ·
229 3147 352 3212 utinam
374 3147 517 3212 inventio
539 3149 694 3211 veritam
716 3149 817 3212 facilis
840 3157 920 3215 esset
934 3174 1030 3236 quam
1052 3154 1163 3218 erroris
1185 3157 1326 3222 animad-

228 3257 348 3323 versio!
386 3259 455 3323 Nos
481 3263 599 3335 autem,
623 3258 736 3341 quibus
759 3258 793 3320 id
815 3259 970 3343 imprimis
996 3265 1191 3348 propositum
1217 3274 1265 3332 est
1290 3274 1327 3332 ut

227 3369 360 3433 aliorum
381 3368 541 3453 opiniones
561 3368 831 3452 perpenderemus,
844 3371 913 3454 jam
927 3373 1046 3438 bonum
1064 3374 1264 3460 faustumque
1288 3379 1327 3441 iis

228 3486 379 3544 eventum
402 3481 610 3564 imprecemur
634 3481 688 3564 qui
711 3481 751 3544 ad
778 3482 948 3548 Scientiam
974 3487 1166 3552 efficiendam
1193 3491 1326 3576 Mytho·

227 3591 364 3675 logioem
380 3593 644 3676 opportunissima
660 3592 826 3676 diligentia
841 3595 1011 3664 elaborant.
