3314 4938
474 337 587 410 quom
611 281 741 386 cocant
766 309 955 386 Scieatioe
980 310 1152 386 utilitas?
1317 314 1363 384 15

266 506 444 586 insectator,
471 508 523 572 hic
549 509 751 594 antiquitatis
778 511 961 576 Hellenicae
990 511 1157 590 amantior,
1184 529 1280 594 quam
1309 512 1365 596 qui

265 637 379 699 aequos
402 639 434 680 se
452 617 576 701 judices
602 625 809 702 praestarent.
855 621 942 684 Nam
967 619 1203 685 Ircbeclrius'in
1229 619 1287 684 illc
1306 643 1363 686 suo

268 721 496 809 Aglaophamo,
526 750 621 812 quem
649 729 776 794 laudare
805 752 1070 814 supervacaneum
1099 731 1190 809 foret,
1221 736 1364 796 veterum

265 858 424 900 sacrorum
438 860 551 920 parum
565 837 695 903 idoneus
704 845 753 904 est
768 840 968 924 disceptator.
999 840 1118 904 Omnia
1132 840 1187 904 illa
1201 839 1364 906 involucra

265 946 458 1011 detrahenda
487 949 525 1012 de
550 949 752 1033 antiquorum
781 950 941 1036 mysteriis
970 957 1095 1028 censet;
1125 949 1207 1014 nihil
1235 950 1270 1014 in
1299 951 1364 1017 illis
1473 1024 1476 1028 ,

266 1057 499 1137 miraculosum,
515 1059 597 1122 nihil
612 1060 789 1139 obscurum,
805 1061 887 1125 nihil
901 1060 1108 1126 reverendum
1122 1060 1223 1126 inesse
1242 1061 1363 1130 credita

264 1167 410 1251 pleraque
436 1168 569 1234 ridicula
593 1169 629 1233 in
654 1170 719 1234 illis
742 1171 868 1255 reperit,
893 1193 959 1235 non
980 1193 1079 1255 pauca
1101 1171 1198 1234 etiam
1220 1171 1362 1237 obscena.

266 1277 331 1342 Qui
346 1301 420 1343 vero
442 1279 500 1343 tali
522 1303 595 1344 cum
617 1281 815 1345 contumacia
829 1281 1017 1365 fastidioque
1039 1280 1139 1345 animi
1159 1281 1199 1346 ad
1218 1286 1362 1347 veterum

264 1388 432 1473 religiones
447 1413 610 1474 moresque
624 1390 827 1475 inquirendos
841 1390 972 1469 accedit,
988 1413 1060 1454 eum
1075 1391 1161 1454 haud
1175 1390 1240 1456 veri
1256 1391 1358 1458 simile

263 1504 312 1564 est
326 1522 416 1584 posse
430 1523 541 1565 verum
561 1501 718 1585 consequi.
764 1501 805 1564 In
825 1501 988 1586 philologo
1002 1501 1088 1566 enim
1109 1502 1243 1586 spectari
1263 1502 1362 1574 debet

194 1607 197 1612 ’
263 1633 419 1675 unacum
440 1611 643 1695 argutissimo
665 1612 789 1696 ingenii
810 1611 955 1677 acumine
976 1613 1177 1697 conjunctam
1192 1612 1362 1680 flexibilem

263 1721 421 1803 quandam
444 1722 544 1786 animi
571 1723 768 1801 facilitatem,
794 1723 871 1786 adeo
893 1727 931 1786 ut
954 1721 1039 1786 idem
1064 1727 1171 1787 vetera
1193 1721 1249 1786 illa
1274 1743 1361 1788 sacra

260 1829 357 1896 simul
382 1832 516 1896 scrutari
536 1833 635 1916 judex
660 1833 754 1897 simul
779 1833 882 1897 cultor
907 1831 1049 1898 venerari
1068 1819 1225 1898 uideatur.
1271 1832 1362 1900 Quae

243 1941 391 2024 quidem
412 1943 587 2007 reverentia
611 1943 653 2007 K.
679 1943 719 2007 Ο.
746 1943 902 2008 Muellero
928 1941 1109 2006 criticorum
1133 1941 1271 2026 principi
1294 1965 1361 2008 non

263 2051 382 2130 defuit3
403 2053 461 2137 qui
485 2054 601 2118 veteris
624 2053 776 2118 Graeciae
800 2053 878 2118 adeo
904 2052 1064 2117 studiosus
1087 2057 1155 2116 erat
1177 2057 1215 2116 ut
1236 2051 1272 2116 in
1292 2053 1361 2138 ejus

263 2164 477 2228 monumentis
501 2164 646 2228 eruendis
669 2163 769 2228 vitam
793 2163 895 2247 ipsam
916 2162 1119 2246 profunderet
1128 2175 1151 2226 ⁸.
1196 2163 1242 2227 Et
1262 2163 1298 2228 in
1323 2185 1360 2228 eo

262 2272 392 2337 lihellob
414 2289 512 2357 quem
541 2275 580 2338 dc
610 2274 749 2338 Scientia
778 2273 999 2357 Mythologica
1028 2272 1209 2336 doctissime
1234 2271 1361 2356 scripsit

263 2383 321 2447 hac
336 2383 405 2467 ipsa
413 2383 615 2449 veneratione
627 2383 695 2448 falli
706 2383 843 2460 videtur,
853 2383 927 2466 quia
941 2404 1039 2465 quum
1051 2382 1196 2446 Creuzeri
1204 2382 1360 2448 rationem

261 2493 503 2579 synchyticam⁰
526 2500 577 2573 (ut
590 2495 686 2560 verbo
704 2499 832 2558 utamur
847 2491 1059 2570 Lobechiano)
1077 2492 1176 2556 vitare
1194 2492 1276 2571 vult,
1293 2493 1360 2576 ipse

261 2603 294 2665 in
308 2605 503 2668 contrarium
514 2603 648 2670 errorem
662 2605 740 2684 abit,
750 2602 975 2688 Graeciamque
989 2625 1029 2667 ex
1040 2601 1171 2667 Graecia
1186 2602 1252 2668 sola
1265 2603 1359 2668 intel·

256 2710 421 2796 ligandam
441 2713 611 2778 existimat.

266 2835 268 2838 ’
303 2822 424 2887 Verum
467 2824 502 2888 in
545 2825 604 2890 hoc
647 2847 715 2890 rem
757 2827 836 2890 bene
874 2825 1034 2909 perspexit
1069 2826 1241 2890 Oreuzerus
1276 2825 1362 2910 quod

259 2932 491 3018 mythologiam
525 2957 590 2999 non
625 2934 687 2999 nisi
721 2934 931 3019 complurium
966 2934 1113 3020 gentium
1144 2935 1361 3018 comparandis

259 3041 375 3106 fabulis
404 3045 621 3128 explicandam
655 3045 787 3110 censuit.
842 3045 916 3108 Jam
949 3043 1035 3109 enim
1068 3066 1108 3108 ex
1142 3044 1273 3109 Oriente
1309 3043 1361 3110 his

259 3151 374 3216 studiis
408 3155 573 3237 repentina
611 3156 667 3220 lux
699 3154 830 3220 affulsit.
881 3155 971 3219 Nam
1004 3160 1172 3240 postquam
1206 3155 1360 3240 pristinus

259 3261 314 3328 ille
344 3262 499 3328 Indorum
528 3287 640 3343 sermo,
668 3288 761 3349 quem
789 3264 1015 3330 Senseriticum
1039 3265 1210 3348 appellant,
1236 3289 1256 3330 a
1281 3265 1360 3332 viris

260 3373 360 3437 doctis
374 3380 483 3438 erutus
501 3380 560 3453 est,
576 3380 610 3438 et
626 3375 695 3458 jam
716 3373 820 3458 magis
840 3380 935 3460 atque
955 3374 1059 3458 magis
1078 3374 1230 3452 innotuit,
1246 3374 1359 3440 deinde

259 3483 360 3565 primo
375 3484 501 3569 linguas
516 3484 757 3550 occidentalium
771 3484 968 3568 populorum,
985 3506 1059 3548 mox
1081 3483 1178 3548 ctiam
1192 3483 1361 3568 religiones

259 3596 292 3654 et
307 3615 395 3657 saera
416 3593 451 3656 in
472 3600 623 3679 promptu
638 3601 707 3659 erat
727 3617 800 3658 cum
822 3594 933 3660 Indiae
954 3593 1146 3678 antiquitate
1168 3616 1357 3679 comparare.

259 3701 349 3768 Quae
375 3705 565 3788 comparatio
594 3711 712 3769 temere
741 3704 844 3788 primo
874 3704 943 3768 fieri
971 3705 1101 3784 solebat,
1128 3705 1179 3770 vel
1199 3704 1358 3770 'minimas

261 3811 485 3879 similitudines
516 3815 551 3879 in
578 3837 612 3880 re
640 3815 717 3879 adeo
748 3814 879 3880 obscura
908 3814 1105 3894 elaborando,
1131 3813 1357 3897 discrepantias

292 4053 304 4075 ¹
321 4043 363 4091 He
374 4044 432 4093 died
444 4047 470 4096 oi
480 4063 495 4094 a
504 4047 638 4096 sunstrohe
649 4048 675 4096 in
686 4046 782 4095 Graece
793 4047 867 4096 while
877 4046 936 4094 thus
948 4047 1070 4110 engaged.

290 4124 368 4172 bHis
382 4125 947 4192 ‘IntroductiontoaSoientificMythology!
980 4126 1085 4191 English
1097 4123 1253 4174 translation.
1331 4125 1354 4136 “

289 4213 300 4238 ⁰
318 4205 431 4260 Lobeck,
445 4207 668 4271 ‘Aglaophamua’
679 4223 705 4271 p.
721 4207 791 4256 1208.
826 4208 869 4259 He
880 4222 974 4266 means,
989 4206 1141 4267 ‘Confusing
1152 4218 1199 4250 one
1210 4203 1357 4270 mythology
1484 4245 1486 4252 .

258 4286 318 4335 with
329 4285 454 4336 another.⁸
