3314 4938
447 389 559 462 quma
581 349 714 438 'vocarit
739 351 929 438 Seleuciae
955 355 1129 438 utilitas?
1302 361 1336 434 ‘9³

239 561 395 644 gravitate
419 569 616 647 exponerent.
667 563 729 627 Sed
753 563 855 627 multa
884 568 1004 627 restant
1029 561 1154 626 similia.
1202 561 1338 626 Exstitit
1406 523 1408 528 Ι

239 693 303 734 non
328 663 374 735 ita
398 671 519 754 pridem
544 672 723 750 Banierus,⁰
743 673 798 756 qui
822 678 905 736 totas
927 672 992 737 fere
1012 672 1181 737 Euhemeri
1204 672 1339 756 ineptias

239 804 296 865 pro
309 782 392 846 veris
406 782 584 848 defenderet
597 789 630 847 et
643 783 745 848 denuo
765 785 989 868 promulgaret.
1033 785 1115 849 Vult
1129 784 1214 849 enim
1229 783 1338 868 Gany·
1441 787 1444 792 ’

240 891 363 956 medem
382 915 401 955 a
416 893 495 957 Jove
510 894 661 972 ablatum,
677 894 863 959 Narcissum
882 895 922 959 ab
936 895 1084 979 Apolline
1104 895 1339 980 interemptum,

241 999 303 1063 duo
326 1000 429 1084 regios
447 1002 579 1086 juvenes
603 1002 709 1080 fuisse,
735 1025 869 1086 quorum
892 1004 1026 1068 alterum
1051 1027 1071 1068 a
1093 1003 1213 1089 Lydiae
1236 1003 1340 1088 aliquo

242 1131 315 1193 rege
337 1110 512 1194 abreptum,
532 1112 669 1176 'alterum
694 1135 766 1176 casu
792 1119 971 1177 mortuum:
1001 1135 1058 1196 pro
1080 1112 1212 1177 Daedali
1233 1113 1342 1178 volatu

241 1219 481 1286 velificationem
491 1223 614 1306 navigii
625 1224 807 1302 substituit3
826 1247 883 1308 pro
896 1225 1010 1310 Hydra
1021 1225 1141 1290 Lernea
1152 1225 1191 1289 ab
1205 1225 1342 1290 Hercule

242 1331 362 1395 domita
372 1331 518 1416 paludem
533 1333 679 1398 siccatam
687 1359 697 1411 3
720 1357 776 1418 pro
789 1335 868 1399 Jove
882 1335 917 1398 in
931 1336 1080 1420 gigantas
1090 1341 1220 1401 tonante
1234 1358 1342 1420 regem

243 1439 410 1506 seditiones
424 1450 671 1528 compescentem
679 1469 689 1521 3
712 1467 769 1527 pro
783 1444 915 1510 Atlante
931 1446 1051 1510 coelum
1067 1446 1240 1510 sustinente
1254 1445 1341 1530 prin-

243 1552 344 1636 cipem
370 1553 556 1638 astrologiae
581 1555 764 1620 studiosum.
811 1557 932 1621 Verum
956 1557 1160 1622 haecomnia
1183 1555 1343 1636 crassiora,

244 1684 376 1745 quorum
390 1663 441 1727 vel
460 1663 529 1747 ipsa
545 1666 665 1729 mentio
682 1667 802 1750 optima
816 1673 865 1731 est
879 1668 1086 1752 reprehensio.
1134 1668 1220 1734 Quid
1237 1673 1344 1732 autem

243 1772 283 1836 iis
303 1772 453 1838 faciemus
467 1774 521 1858 qui
539 1775 687 1840 subtilius
703 1777 939 1862 elegantiusque
954 1781 1196 1862 rinpepicovrw?
1211 1802 1345 1864 quornm

244 1887 279 1949 in
293 1909 460 1951 numerum
474 1887 626 1952 referendi
640 1889 788 1954 videntur
802 1892 863 1956 viri
882 1892 1051 1956 admodum
1070 1892 1190 1957 literati
1210 1891 1346 1956 Rochet

244 1997 326 2061 tiusf
340 1997 528 2083 Clintoquess
541 2005 656 2077 noster,
672 2000 726 2084 qui
741 2024 779 2065 ex
792 2002 924 2067 heroicis
946 2003 1010 2066 illis
1028 2002 1259 2067 narrationibus
1278 2002 1346 2066 erui

245 2130 333 2190 posse
354 2107 518 2174 historiam
537 2110 744 2176 crediderunt.
791 2113 916 2177 Horum
933 2118 1042 2178 tamen
1056 2113 1201 2198 opinione
1220 2112 1346 2177 brevius

244 2217 458 2299 immoramur,
473 2221 621 2304 quoniam
638 2221 677 2286 de
697 2222 756 2286 hoc
778 2223 845 2287 loco
861 2225 989 2308 optime,
1005 2224 1086 2289 siout
1107 2223 1223 2302 omnia,
1237 2223 1351 2307 dispu-

244 2327 328 2391 tavit
349 2328 547 2392 acutissimus
567 2330 788 2396 historicorum
804 2332 986 2411 Grotaeus,l¹
1000 2333 1055 2417 qui
1072 2332 1210 2398 ostendit
1231 2329 1348 2402 fabulis

246 2461 442 2524 nequaquam
450 2440 545 2506 inniti
555 2435 695 2525 oportere
703 2443 1016 2526 nequeeasidoneam
1024 2443 1173 2508 historico
1184 2441 1348 2506 materiam

246 2552 399 2636 praebere.
446 2553 535 2631 ‘At,'
550 2552 680 2617 fortasse
694 2552 778 2618 dicat
792 2553 916 2638 aliquis,
931 2553 989 2618 ‘de
1004 2553 1124 2619 eventis
1138 2575 1217 2638 qnae
1232 2552 1267 2617 in
1285 2545 1348 2618 ola-

246 2663 371 2726 rissima
383 2663 453 2727 luce
472 2665 651 2729 eminebant
669 2665 787 2730 multas
807 2665 952 2730 novimus
969 2689 1008 2730 ex
1022 2687 1055 2730 re
1069 2664 1138 2750 ipsa
1155 2671 1348 2730 commentas

247 2775 386 2853 fabulas3
410 2774 492 2840 sicut
507 2775 669 2859 Cyrenaei,
692 2797 824 2859 quorum
846 2799 865 2840 a
886 2777 987 2840 Thera
1008 2775 1174 2842 deductam
1193 2775 1348 2842 coloniam

246 2885 429 2950 Herodotus
444 2885 561 2961 scribit,
577 2891 684 2970 postea
698 2885 861 2970 fingebant
878 2886 1037 2970 Cyreneni
1051 2885 1239 2970 Nympham
1252 2885 1349 2950 inisse

246 2997 457 3062 Thessalicam
471 2998 510 3062 ab
525 2997 673 3082 Apolline
688 2997 764 3061 olim
784 2997 961 3061 adamatam
981 2996 1021 3060 ab
1042 3018 1137 3080 eoque
1156 2996 1190 3059 in
1212 2993 1349 3082 Libyam

247 3129 313 3171 esse
335 3111 468 3198 raptam.
512 3109 618 3192 Atque
636 3108 719 3172 idem
741 3131 832 3192 porro
855 3108 889 3171 in
910 3107 1021 3172 multis
1035 3107 1128 3172 rebus
1141 3107 1261 3172 factum
1275 3129 1349 3191 cog-

248 3217 404 3282 novimus.
455 3217 575 3282 Quodsi
601 3218 676 3282 adeo
701 3217 883 3282 notissimas
906 3241 954 3283 res
979 3217 1204 3304 mythologicis
1229 3218 1349 3283 fucatas

248 3327 439 3393 ornamentis
454 3327 676 3411 intelligimus,
692 3327 801 3411 quidni
816 3327 854 3391 de
868 3327 908 3391 iis
923 3349 1000 3410 quae
1018 3327 1053 3390 in
1071 3325 1246 3391 obscuriore
1260 3325 1349 3410 quasi

248 3439 386 3503 diluculo
400 3440 555 3502 humanae
577 3438 743 3503 memoriae
762 3438 922 3502 evenerint
943 3437 1026 3501 idem
1041 3425 1104 3501 fere
1119 3436 1277 3501 credemus
1298 3458 1348 3500 ac·

249 3548 358 3612 cidisse
368 3549 397 3611 Ρ
440 3549 641 3613 Assentimus
660 3549 804 3626 libenter,
823 3549 850 3612 si
871 3549 918 3612 ita
936 3570 1058 3613 neeesse
1073 3553 1129 3614 est.
1175 3547 1262 3613 Quid
1276 3569 1349 3612 vero

194 3703 200 3714 -
250 3658 415 3742 sequitur?
448 3639 572 3744 Nempe
586 3659 672 3724 utin
686 3659 848 3723 nonnullis
861 3659 1041 3723 fabularum
1056 3659 1101 3744 (in
1115 3659 1229 3744 quibus
1244 3666 1349 3725 autem

248 3769 415 3856 incertum)
435 3771 533 3836 lateat
554 3772 684 3836 fortasse
706 3771 900 3856 aliquantula
913 3772 1055 3837 veritatis
1077 3772 1223 3837 scintilla.
1269 3771 1350 3837 Quis

213 3861 218 3872 Ι
247 3887 356 3946 tamen
368 3881 629 3965 salvaprudentia
637 3882 717 3946 hanc
728 3882 779 3945 vel
787 3881 876 3946 illam
885 3882 1025 3947 fabulam
1035 3881 1197 3966 delegerit,
1207 3880 1350 3948 eandem·

281 4033 292 4058 ⁰
307 4025 360 4074 The
371 4027 445 4075 Abbe
457 4027 569 4077 Banier’s
580 4027 747 4092 ‘Mythology
755 4028 806 4076 and
812 4028 903 4076 Fables
914 4029 940 4077 of
951 4028 995 4076 the
1005 4027 1130 4077 Ansients
1142 4027 1275 4091 explained
1284 4025 1348 4080 from

250 4105 374 4170 History)
407 4109 471 4172 Eng.
485 4109 573 4158 Trans.
604 4109 719 4168 London,
735 4116 806 4174 1739,
819 4109 869 4158 vol.
881 4109 897 4158 i
911 4125 935 4172 p.
952 4123 991 4174 29.

283 4189 292 4221 ¹
306 4187 389 4236 Raonl
402 4189 535 4250 Bochette,
548 4191 678 4240 ‘Histoire
689 4191 733 4239 des
745 4190 860 4240 Colonies
871 4191 1017 4254 Grecques.'

283 4279 295 4310 ⁸
312 4269 414 4318 Gliuton
426 4271 517 4334 (Fasti,
530 4273 598 4331 ete).

284 4349 719 4410 isma'soreeoe,v01.r.0s.1s.
922 4339 924 4342 ’
969 4351 1230 4415 urrisanana.
1260 4406 1265 4415 ,

795 4461 812 4503 0
