3314 4938
245 297 250 310 '
308 309 364 378 2οζ
526 311 529 318 ’
571 303 764 392 Quaenam
788 303 835 376 eit
861 300 1136 399 Mytboloqc'oae

309 502 484 568 callosam.¹¹
528 503 651 587 Magna
672 503 797 568 hercule
817 502 980 580 dissensio,
997 508 1031 567 et
1044 524 1123 586 quae
1143 501 1253 566 sinon
1272 501 1414 568 diffidere

310 635 368 677 nos
383 617 417 676 at
432 618 515 677 certe
530 613 676 678 dubitare
691 618 795 698 cogat.

352 723 451 787 VIII.
481 725 588 809 Atque
615 725 700 788 hunc
725 725 829 816 locum
855 723 981 790 uberius
1007 723 1242 808 explicaremus,
1270 725 1333 788 nisi
1359 725 1414 789 alii

309 840 403 918 atque
423 833 446 898 ii
461 834 642 918 gravissimi
658 840 822 900 restarent.
866 834 997 898 Etenim
1018 834 1073 918 qui
1094 834 1154 898 hoc
1177 835 1270 899 modo
1291 834 1414 900 fabulas

310 945 412 1009 solent
426 945 627 1029 interpretari
644 945 855 1030 etymologiae
874 945 938 1009 fere
957 944 1085 1008 omnino
1105 943 1300 1022 innituntur,
1316 968 1412 1030 eaque

308 1054 401 1119 unico
427 1055 605 1140 inquirendi
629 1055 840 1120 instrumento
866 1060 1010 1120 utuntur.
1058 1055 1147 1120 Quae
1176 1060 1283 1119 autem
1312 1056 1412 1140 ipsius

309 1165 519 1250 etymologiae
538 1165 677 1230 conditio
698 1167 771 1230 est?
818 1166 931 1250 Ecquis
951 1165 1062 1244 nescit,
1078 1165 1133 1249 qui
1154 1164 1203 1228 his
1224 1165 1337 1230 studiis
1361 1166 1411 1230 vel

308 1276 506 1341 mediocriter
525 1275 667 1341 imbutus
688 1277 740 1356 sit,
763 1276 990 1362 etymologiam
1014 1275 1158 1360 quamvis
1180 1275 1319 1339 multum
1337 1283 1411 1360 post

308 1389 454 1453 inventas
476 1387 681 1451 Samoniticas
696 1387 803 1478 literas
824 1386 1002 1472 profecerit,
1017 1392 1124 1449 tamen
1139 1385 1249 1449 multis
1269 1385 1304 1449 in
1317 1387 1410 1451 rebus

308 1499 464 1578 vacillare,
487 1499 643 1582 longeque
666 1498 769 1562 adhuc
795 1497 834 1562 ab
859 1497 1020 1580 explorata
1043 1495 1110 1559 veri
1136 1496 1257 1560 ratione
1282 1497 1408 1562 distare.

310 1605 432 1674 Quodsi
447 1631 539 1673 omne
554 1609 764 1694 etymologiae
779 1631 880 1693 genus
895 1608 1004 1671 multis
1021 1607 1142 1671 laborat
1157 1607 1407 1688 difficultatibus,

308 1726 379 1785 tum
394 1719 576 1804 praesertim
596 1719 631 1782 in
646 1719 826 1784 nominibus
840 1718 975 1803 propriis
994 1723 1104 1782 monet
1119 1705 1261 1782 Curtius¹
1275 1741 1315 1782 ne
1329 1719 1409 1784 falsa

309 1831 410 1916 specie
432 1829 611 1894 illudamur.
656 1830 698 1892 In
719 1830 778 1894 hac
802 1817 887 1894 einim
910 1852 943 1894 re
967 1829 1130 1914 praecipue
1154 1830 1407 1915 etymologorum

309 1965 400 2026 opem
425 1941 574 2026 flagitant
596 1941 794 2026 mythologi:
826 1941 913 2004 nulla
938 1946 1045 2004 autem
1071 1940 1106 2002 in
1128 1945 1217 2024 parte
1241 1941 1344 2025 magis
1368 1942 1415 2005 ab.

308 2052 498 2138 etymologis
520 2053 688 2116 titubatur.
734 2051 821 2115 Nam
840 2052 904 2114 tria
924 2057 998 2114 sunt
1016 2051 1199 2134 plerumque
1220 2073 1353 2134 quorum
1373 2051 1407 2116 in

308 2162 468 2227 vocabulis
482 2162 728 2246 interpretandis
742 2162 876 2226 habetur
889 2161 981 2238 ratio,
993 2182 1106 2244 nempe
1120 2183 1225 2240 sonus,
1235 2162 1294 2240 vis,
1306 2162 1405 2246 origo.

308 2273 453 2338 Quorum
475 2273 510 2337 in
531 2274 685 2357 plerisque
708 2272 887 2337 nominibus
909 2272 971 2336 duo
993 2271 1096 2355 prima
1115 2272 1190 2335 data
1210 2277 1295 2350 sunt,
1316 2272 1407 2337 etde

308 2383 429 2468 origine
452 2383 517 2448 sola
538 2383 730 2468 ambigitur:
758 2383 790 2446 in
814 2383 952 2467 Propriis
974 2388 1081 2446 autem
1104 2405 1199 2447 sonus
1221 2388 1349 2447 tantum
1370 2405 1406 2446 ao

307 2493 408 2559 forma
422 2494 565 2558 vocabuli
579 2494 690 2578 liquet,
702 2494 801 2577 deque
815 2493 849 2556 vi
864 2499 897 2556 et
908 2492 1031 2576 origine
1046 2493 1267 2575 quaerendum.
1311 2495 1406 2558 Unde

307 2604 398 2668 facile
412 2604 604 2687 intelligitur
618 2603 798 2688 hujusmodi
812 2601 987 2678 nominum,
1001 2601 1164 2666 Localium
1174 2604 1358 2687 praesertim
1374 2609 1406 2669 et

308 2714 538 2798 Mythicorum,
554 2736 649 2798 quam
664 2713 800 2777 difficilis
822 2713 866 2776 sit
883 2711 1111 2796 interpretatio.
1156 2713 1201 2776 Et
1214 2714 1249 2776 in
1267 2714 1407 2778 locorum

307 2824 500 2910 explicandis
515 2823 696 2889 nominibus
711 2847 937 2908 nonnunquam
951 2829 1074 2908 praeter
1089 2845 1176 2906 spem
1193 2823 1301 2888 lumen
1316 2825 1406 2888 adhi-

306 2937 400 3001 betur
414 2959 453 3002 ex
468 2935 621 3021 singulari
642 2936 717 3000 adeo
732 2935 861 3018 ingenio
882 2935 970 2999 loci¹¹¹
984 2939 1022 2998 ut
1037 2934 1147 2998 statim
1166 2940 1314 3018 appareat
1333 2935 1407 2999 inde

267 3033 270 3042 ⁸
305 3069 421 3112 nomen
435 3047 531 3110 fuisse
546 3046 695 3108 inditum.
717 3075 721 3086 ¹
740 3045 829 3108 Haeo
841 3066 914 3108 vero
929 3045 1148 3128 opportunitas
1164 3044 1257 3108 datur
1271 3067 1407 3129 perraro,

305 3157 395 3221 etin
418 3157 573 3240 plerisque
597 3155 737 3219 locorum
761 3153 921 3219 vocabulis
945 3159 1066 3219 mussat
1090 3155 1249 3239 impotens
1273 3157 1407 3240 Etymo-

303 3267 399 3351 logia.
443 3266 557 3350 Neque
587 3287 661 3330 sane
690 3264 905 3350 mythicorum
934 3265 1099 3330 nominum
1129 3265 1304 3350 expeditior
1332 3288 1407 3329 con·

299 3379 422 3463 jactura
435 3354 496 3442 est.
529 3377 624 3441 Nihil
638 3375 723 3440 enim
738 3381 862 3460 praeter
872 3376 974 3459 ipsam
985 3398 1095 3440 vocem
1109 3375 1219 3440 datum
1235 3377 1387 3440 habemus
1396 3401 1406 3453 ;

304 3511 405 3572 neque
420 3488 458 3552 de
473 3487 506 3551 vi
521 3487 610 3552 verbi
626 3486 808 3570 quidquam,
823 3485 873 3549 uti
889 3508 990 3569 saepe,
1002 3486 1218 3569 eognovimus.
1253 3485 1408 3569 Exemplo

305 3605 412 3666 autem
433 3597 525 3661 nobis
547 3587 682 3661 Achillis
704 3618 820 3661 nomen
840 3595 891 3661 sit.
936 3596 1035 3682 Cujus
1049 3601 1087 3659 ut
1101 3596 1169 3660 vim
1188 3597 1405 3680 originemque

306 3709 516 3792 exquiramus,
542 3707 684 3773 omnium
709 3697 848 3791 primum
873 3705 977 3789 aliqua
1003 3706 1041 3770 de
1067 3705 1167 3770 totius
1193 3705 1410 3790 mythologiae

304 3824 418 3894 natura
446 3819 552 3902 opinio
583 3817 779 3902 concipiatur
807 3816 912 3880 animo
941 3837 1065 3880 necesse
1094 3819 1151 3878 est.
1180 3815 1293 3889 ,Unde
1321 3837 1407 3893 vero,

335 3965 349 4002 ¹¹
369 3963 415 4012 See
426 3964 490 4013 Max
501 3965 616 4014 Miiller's
630 3965 766 4013 ‘Lectures
777 3979 810 4012 on
826 3963 870 4010 the
882 3961 983 4010 Soience
1000 3962 1026 4010 of
1043 3963 1197 4024 Language,'
1211 3961 1307 4009 Second
1319 3958 1406 4016 Sena.

301 4061 326 4108 p.
339 4057 388 4110 519
401 4046 451 4094 and
462 4045 599 4109 following.

333 4131 342 4168 l
364 4127 425 4177 'Ibis
436 4128 602 4192 argumentis
613 4126 741 4176 borrowed
752 4126 815 4173 from
827 4123 936 4179 Curtius,
942 4123 988 4172 Gr.
998 4123 1081 4186 Etym.
1093 4137 1134 4184 pp.
1149 4135 1193 4176 111
1207 4123 1258 4171 and
1269 4122 1401 4185 following.

333 4217 355 4246 ¹¹¹
367 4209 414 4258 See
427 4209 575 4266 Buttmann,
589 4215 595 4236 ‘
609 4207 758 4270 Lexilogus,’
775 4221 794 4254 s.
812 4221 837 4254 s.
850 4203 985 4262 κητώεσσα.
1019 4200 1170 4262 Λακεδαίμων
1181 4203 1202 4252 ts
1210 4203 1334 4268 probably
1345 4217 1403 4251 con·

301 4291 391 4342 nected
402 4291 463 4342 with
474 4290 571 4341 λάκκος.

1638 2769 1643 3080 l

1635 3783 1643 3894 r
