3314 4938
304 357 352 426 22
579 351 772 442 Quaenam
799 347 846 423 sit
869 341 1144 447 Myttoloqi'coe

344 549 406 614 IX.
436 549 511 612 Jam
535 567 654 612 novum
679 545 850 631 ingressuri
878 546 993 624 locum,
1019 545 1115 610 utin
1141 545 1229 609 omni
1254 545 1313 610 hae
1338 544 1404 611 dis·

300 659 473 746 putatione,
488 657 535 722 ita
550 679 633 722 nunu
649 657 814 742 praecipue
828 656 1081 721 doctissimorum
1098 656 1264 720 hominum
1278 655 1404 720 veniam

299 772 506 850 obsecramus,
529 771 686 855 aquibus
709 771 768 835 hoe
792 770 1102 854 quantulumcunque
1128 769 1239 847 edocti,
1263 747 1404 853 ipsorum

299 884 432 963 decreta,
455 885 619 968 ingratum
640 882 674 946 id
695 881 821 968 quidem
843 880 1002 945 Minerval
1024 880 1236 965 rependentes,
1257 879 1405 944 audacius

301 993 566 1078 reprehendimus.
612 993 730 1057 Omnes
760 989 898 1076 profecto
928 992 982 1075 qui
1011 1015 1080 1056 eam
1110 990 1326 1076 mythologiae
1355 1013 1404 1053 ra-

302 1105 422 1170 tionem
450 1105 550 1169 secuti
579 1109 663 1182 sunt,
690 1109 727 1166 ut
751 1102 874 1167 collatis
899 1123 994 1186 qoam
1022 1101 1229 1186 plurimarum
1258 1100 1405 1185 gentium

304 1215 429 1294 fabulis,
442 1237 639 1280 communem
653 1213 790 1297 aliquam
804 1218 944 1277 eruerent
956 1211 1120 1296 originem,
1132 1235 1229 1296 quum
1240 1211 1406 1275 veterrima

304 1348 443 1410 quaeque
471 1324 674 1408 antiquitatis
702 1329 906 1390 monumenta
931 1323 1137 1407 exquirerent,
1167 1322 1301 1386 Vedicas
1329 1343 1406 1404 quas

302 1443 420 1500 vocant
444 1436 551 1500 literas
577 1433 709 1498 maximi
734 1435 876 1498 omnium
905 1434 1057 1498 momenti
1083 1457 1149 1498 esse
1173 1432 1404 1518 judicaverunt.

303 1549 442 1611 Exstant
457 1545 567 1610 Vedici
586 1568 659 1610 sane
675 1545 748 1608 libri
766 1551 919 1628 tanquam
940 1567 1051 1609 norma
1067 1545 1218 1628 quaedam
1240 1567 1276 1607 aa
1297 1543 1408 1627 regula

305 1656 345 1720 ad
360 1678 454 1739 quam
469 1641 604 1739 reliquae
619 1655 809 1718 Arianorum
826 1655 1015 1740 populorum
1034 1653 1157 1718 fabulae
1180 1654 1408 1738 religionesque

304 1766 494 1848 dirigantur.
542 1765 740 1849 Quapropter
770 1765 853 1828 nihil
883 1765 986 1850 magis
1016 1765 1147 1830 interest
1178 1787 1272 1848 qnam
1303 1764 1409 1827 omnia

311 1878 497 1943 Vedicorum
508 1877 683 1942 carminum
697 1901 809 1942 arcana
823 1877 1055 1943 accuratissima
1069 1877 1303 1960 philologorum
1317 1893 1410 1960 opera

308 1987 444 2050 enarrari
453 2013 463 2065 3
488 1987 635 2071 quoniam
657 1986 774 2070 siquid
796 2009 815 2052 a
834 2010 906 2052 vero
927 1986 995 2070 ipsa
1016 1987 1136 2050 aberret
1158 1987 1277 2070 regula,
1293 1986 1409 2049 nedum

309 2123 388 2184 opus
402 2099 508 2183 ipsum
525 2104 606 2164 recte
621 2098 731 2163 confici
751 2099 859 2183 possit.
907 2099 1069 2164 Quaenam
1088 2099 1189 2183 igitur
1204 2098 1341 2163 conditio
1362 2101 1409 2161 est

311 2210 548 2294 disciplinarum
572 2208 855 2273 Sanscriticarum?
898 2209 1042 2272 Primum
1062 2210 1202 2274 nondum
1222 2232 1329 2273 omnes
1346 2209 1409 2271 Ve-

311 2322 397 2386 dicos
411 2320 507 2385 libros
522 2320 557 2384 in
571 2320 756 2385 recentiores
770 2320 896 2404 linguas
911 2343 1074 2386 conversos
1088 2322 1249 2386 habemus.
1290 2320 1362 2385 Qua
1375 2321 1410 2383 iu

312 2456 345 2498 re
359 2455 538 2517 quanquam
552 2432 690 2496 multum
705 2433 901 2516 profecerunt
911 2439 982 2496 tum
997 2432 1147 2496 Germani
1161 2438 1232 2496 tum
1246 2421 1410 2508 nostrates,

307 2545 409 2627 deque
431 2543 538 2607 eadem
562 2544 630 2627 jam
652 2543 796 2607 laborant
817 2542 1028 2626 grammatici,
1059 2543 1160 2606 multa
1181 2549 1288 2608 tamen
1310 2541 1411 2606 adhuc

306 2653 434 2718 desunt.
479 2651 566 2713 Nam
587 2651 684 2714 libros
705 2650 848 2730 Vedioos,
869 2657 1035 2735 postquam
1053 2659 1231 2737 temporum
1252 2652 1343 2736 lapsu
1363 2652 1412 2715 vis

311 2763 380 2847 ipsa
406 2768 438 2826 et
461 2783 569 2826 sensus
591 2784 737 2848 persaepe
760 2761 992 2842 obsolevissent,
1017 2762 1092 2827 novi
1117 2763 1301 2848 interpretes
1327 2786 1411 2828 com-

312 2873 468 2938 menticiis
483 2873 755 2958 explanationibus
776 2874 917 2940 solebant
930 2874 1103 2958 inquinare.
1149 2869 1260 2957 Itaque
1277 2881 1350 2958 post
1364 2882 1414 2940 tot

313 2987 416 3051 secula
434 2983 502 3071 jam
524 2986 662 3070 primum
685 2986 840 3070 philologi
863 2986 898 3049 id
922 3009 1000 3070 opus
1024 2985 1210 3070 suscipiunt,
1231 2991 1270 3050 ut
1292 2987 1414 3072 rejectis

313 3096 456 3160 omnium
470 3095 656 3160 commentis
670 3095 837 3160 veterrima
851 3096 906 3159 illa
920 3102 1125 3160 monumenta
1139 3119 1177 3160 ex
1189 3095 1266 3180 ipsis
1282 3097 1414 3160 scienter

315 3211 470 3272 enarrent.
511 3207 631 3271 Quodsi
641 3208 709 3292 jam
724 3208 903 3272 absolutum
918 3208 998 3272 foret
1012 3232 1100 3292 opus,
1115 3214 1208 3292 atquc
1222 3209 1328 3272 omnia
1341 3215 1414 3273 ante

316 3319 422 3383 oculos
443 3324 596 3404 paterent,
618 3341 674 3383 nec
696 3324 803 3384 tamen
826 3343 895 3384 eam
918 3321 1020 3384 lucem
1043 3320 1116 3384 inde
1140 3320 1323 3403 sperandam
1346 3321 1413 3404 opi-

317 3454 429 3495 namur
458 3452 553 3514 quam
581 3436 763 3514 exspectant
792 3431 946 3495 nonnulli.
992 3431 1096 3494 Immo
1125 3431 1152 3494 si
1181 3432 1243 3495 duo
1272 3432 1323 3496 vel
1351 3438 1415 3496 tres

316 3541 472 3625 exceperis
493 3540 578 3618 deos,
600 3541 745 3626 pleraque
767 3541 956 3606 Vedicorum
979 3542 1147 3605 numinum
1169 3543 1300 3608 obscura
1322 3548 1416 3626 atqua

316 3649 412 3713 dubia
427 3649 574 3713 videntur
588 3672 663 3728 esse,
679 3673 757 3734 quae
772 3651 963 3735 cogitatione
977 3651 1146 3735 depingere
1162 3653 1314 3736 certisque
1329 3651 1417 3716 velut

316 3761 514 3826 lineamentis
533 3768 566 3826 et
580 3762 680 3826 colore
700 3763 868 3828 informare
888 3787 1085 3848 nequeamus.
1131 3765 1255 3848 Nempe
1275 3765 1335 3828 hoe
1355 3763 1415 3827 im-

315 3876 428 3960 primis
458 3876 547 3941 obest
578 3877 745 3960 quominus
775 3878 965 3942 Vedicorum
995 3878 1125 3941 deorum
1157 3880 1252 3962 probe
1282 3879 1417 3946 sciamus

315 3991 473 4066 naturam,
500 3986 584 4069 quod
613 3987 701 4050 nulla
726 3995 852 4053 exstant
877 3994 933 4052 aut
958 3987 1113 4072 pictorum
1141 3994 1197 4051 aut
1223 3989 1418 4073 sculptorum

316 4102 522 4161 monumenta
536 4119 574 4161 ex
589 4096 703 4181 quibus
718 4097 848 4182 scriptas
870 4097 998 4160 deorum
1019 4096 1194 4160 mentiones
1216 4098 1416 4163 illustremus.

317 4209 403 4273 Nam
424 4209 554 4273 deorum
574 4208 690 4272 formas
710 4209 904 4293 imaginibus
924 4208 1035 4272 referre
1050 4208 1247 4272 sanctissima
1267 4209 1418 4293 religione

318 4320 402 4405 apud
431 4320 528 4386 Indos
557 4320 704 4405 antiquos
729 4321 863 4387 vetitum
893 4327 960 4398 eutr
993 4327 1025 4384 et
1051 4320 1077 4384 si
1106 4320 1182 4406 quid
1210 4321 1304 4406 hujus
1332 4319 1418 4386 modi
