3314 4938
475 341 596 415 quom·
615 331 746 392 vocent
771 317 959 392 Sciecta'cc
984 317 1161 395 utilitas?
1321 327 1375 426 13ι

266 511 370 576 locum
398 509 604 576 absolvemus
659 513 793 579 Quando
821 537 933 599 nempe
970 516 1187 601 quodcumque
1223 519 1289 583 veri
1325 521 1367 584 si-

266 621 384 685 mfliter
413 644 433 684 a
456 620 596 704 quolibet
624 625 878 706 capsacem„
903 625 1024 690 cesum
1053 605 1106 705 st,
1136 627 1368 712 copiosissimus
1403 663 1405 668 -

266 731 412 797 Oreuzeri
439 733 518 796 liber
547 733 792 817 comprehendit,
822 735 876 799 sed
904 736 1022 820 optime
1049 737 1253 802 enunciatum
1281 763 1369 804 sum·

265 867 377 928 nmque
406 842 580 908 eruditione
608 844 838 924 confirmatum,
868 867 978 930 operae
1007 847 1067 911 erit
1091 847 1229 931 pretium
1251 848 1367 915 doctis·

265 955 381 1019 simum
409 955 500 1018 illum
528 961 686 1019 auctorem
716 956 822 1040 paullo
851 956 1022 1041 impensius
1047 957 1216 1024 attendere.
1260 961 1368 1044 Atque

265 1067 460 1150 aliquatenus
502 1067 613 1131 saltem
656 1068 722 1150 ejus
767 1067 873 1151 opinio
912 1090 976 1131 non
1016 1068 1092 1132 adeo
1135 1092 1155 1132 a
1194 1074 1367 1135 ceterorum

264 1177 378 1243 differt.
425 1179 534 1244 Credit
555 1179 641 1243 enim
663 1178 780 1263 primas
802 1177 969 1242 hominum
989 1178 1156 1263 religiones
1182 1179 1256 1244 inde
1280 1186 1365 1246 ortas

264 1291 357 1373 quod,
394 1291 524 1356 confuso
563 1290 665 1354 adhue
701 1311 807 1354 rerum
845 1288 1058 1352 inanimamm
1094 1288 1365 1375 animatorumque

264 1400 453 1481 discrimine,
484 1399 637 1485 quidquid
669 1399 704 1464 in
732 1421 837 1463 rerum
869 1404 983 1463 natura
1011 1399 1131 1464 moveri
1160 1401 1210 1465 vel
1247 1401 1366 1466 mutari

263 1513 557 1590 animadverterent,
579 1511 613 1575 id
638 1516 787 1595 protenus
813 1511 952 1574 humano
975 1532 1077 1589 sensu,
1100 1511 1231 1590 ratione,
1257 1519 1364 1578 mente

264 1623 441 1706 praeditum
472 1621 700 1687 existimarent.
761 1621 888 1684 Scilicet
916 1619 1043 1685 videtur
1075 1621 1210 1706 pristina
1238 1623 1362 1706 generis

263 1734 395 1798 humani
412 1739 497 1798 aetas
513 1755 578 1797 non
596 1732 734 1795 multum
751 1729 847 1795 fuisse
866 1732 1003 1816 cujusvis
1025 1731 1177 1796 infantiae
1199 1729 1362 1811 absimilis,

261 1851 356 1928 atque
391 1845 425 1908 id
454 1843 537 1929 quod
563 1843 632 1928 jam
668 1841 893 1926 perfectissimo
930 1842 1040 1927 cuique
1069 1849 1232 1928 poetarum
1267 1865 1361 1928 aegre

261 1955 431 2040 contingit,
449 1959 488 2018 ut
507 1975 669 2018 musarum
690 1953 857 2037 aliquando
879 1954 987 2018 afflatu
1009 1954 1180 2019 instinctus
1201 1977 1234 2020 se
1254 1955 1360 2039 ipsum

261 2089 334 2130 cum
355 2066 501 2131 universa
521 2087 626 2128 rerum
646 2069 763 2128 natura
787 2063 1015 2148 quodammodo
1041 2065 1223 2144 confundat,
1245 2069 1283 2129 ut
1307 2087 1357 2129 res

261 2176 371 2241 brutas
388 2176 604 2260 inanimasque
624 2180 657 2240 et
680 2173 796 2238 sentire
815 2179 848 2238 et
869 2173 1048 2259 intelligere
1070 2175 1183 2261 fingat,
1201 2176 1235 2240 id
1254 2175 1361 2260 ipsum

220 2317 225 2328 ·
258 2292 336 2352 tunc
354 2286 499 2350 omnibus
516 2306 680 2350 commune
698 2283 803 2348 fuisse.
848 2285 949 2367 Atqui
969 2308 1033 2350 non
1055 2309 1093 2350 ex
1116 2288 1176 2352 hac
1194 2285 1361 2350 hominum

259 2398 433 2482 priscorum
458 2395 660 2480 simplicitate
686 2393 823 2477 origines
838 2394 953 2478 repetit
969 2396 1157 2462 fabularum.
1208 2397 1364 2481 Loquitur

258 2509 378 2574 scilicet
407 2508 446 2572 de
475 2513 626 2591 tempore,
651 2527 712 2588 quo
737 2503 839 2567 omnis
868 2527 973 2568 rerum
1003 2506 1181 2571 divinarum
1209 2509 1362 2572 humana·

261 2640 392 2702 rumque
413 2601 544 2681 scientia
559 2638 653 2700 penes
668 2614 865 2678 sacerdotum
879 2615 1012 2701 collegia
1026 2617 1131 2697 fuerit,
1147 2619 1240 2684 ceteri
1254 2624 1361 2683 autem

260 2751 371 2792 omnes
405 2727 517 2791 erroris
549 2725 664 2789 nebula
698 2725 861 2788 occaecati.
911 2726 1024 2810 Itaque
1056 2729 1229 2794 sacerdotes
1256 2735 1360 2813 putat,

259 2862 358 2925 quum
368 2837 459 2923 vulgi
473 2835 594 2901 animos
609 2833 650 2897 sd
663 2833 816 2899 virtutem
830 2834 988 2919 bonasque
1003 2844 1086 2902 artes
1105 2840 1224 2904 hortari
1234 2841 1362 2908 vellent

259 2973 360 3034 neque
389 2949 465 3013 satis
494 2951 619 3032 paratas
648 2943 814 3008 hominum
842 2950 964 3010 mentes
995 2947 1037 3011 ad
1065 2948 1166 3032 ipsam
1194 2949 1361 3013 veritatem

259 3059 474 3144 accipiendam
495 3057 651 3133 viderent,
673 3054 787 3136 idcirco
811 3053 933 3120 fabulas
956 3058 1201 3137 concinnavisse,
1224 3081 1303 3142 quae
1328 3065 1362 3124 et

259 3169 397 3255 aptiores
420 3168 461 3232 ad
482 3166 654 3252 captandas
675 3171 797 3230 mentes
819 3167 935 3245 essent,
957 3173 990 3231 et
1011 3167 1154 3233 veritatis
1176 3169 1265 3253 quasi
1289 3169 1360 3234 the-

259 3303 388 3346 samum
411 3277 506 3343 variis
530 3276 689 3341 occultum
712 3275 883 3340 involucris
906 3284 1135 3343 conservarent.
1180 3279 1222 3342 In
1246 3279 1360 3362 quibus

258 3391 286 3455 si
304 3395 415 3474 poetae
435 3410 544 3454 omnes
562 3387 601 3451 ab
625 3387 777 3465 Homero,
796 3391 961 3470 poetarum
980 3386 1034 3451 illo
1054 3387 1206 3472 principe,
1224 3388 1359 3474 pessimo

256 3501 488 3584 theologorum,
522 3498 604 3562 nihil
631 3501 756 3582 praeter
785 3501 952 3560 externum
987 3497 1077 3579 quasi
1107 3497 1253 3564 corticem
1288 3521 1359 3583 per-

257 3609 427 3694 spexerint,
463 3609 556 3674 nobis
596 3608 716 3672 scilicet
745 3607 793 3670 vis
831 3607 954 3671 occulta
989 3613 1083 3691 atque
1118 3608 1188 3693 ipsa
1222 3609 1359 3676 medulla

255 3719 458 3804 detegendae.
505 3718 593 3784 Quae
616 3717 722 3782 omnia
743 3736 838 3800 quam
859 3716 926 3781 sint
947 3717 1051 3781 futilia
1072 3717 1231 3782 neminem
1252 3719 1358 3784 fallere

256 3854 346 3915 posse
364 3830 528 3908 credimus,
546 3828 600 3912 qui
618 3828 670 3892 vel
686 3827 877 3912 primoribus
894 3827 990 3890 labris
1009 3827 1092 3892 hane
1106 3832 1231 3892 nostrae
1244 3829 1357 3892 aetatis

256 3939 462 4024 philologiam
476 3938 767 4024 philosophiamque
782 3936 1008 4021 degustaverit.
1050 3937 1162 4021 Neque
1176 3935 1262 4000 enirn
1276 3936 1357 4000 illud

240 4049 421 4132 'quisquam
435 4050 570 4135 objiciet,
585 4049 620 4112 in
639 4046 771 4112 Hesiodi
789 4045 972 4132 Theogonis
985 4047 1086 4112 multa
1101 4045 1268 4129 allegorice
1283 4045 1363 4128 dici,

255 4159 449 4242 quinetiam
471 4159 627 4244 indigetes
645 4157 801 4222 Italorum
824 4158 898 4221 deos
920 4157 1018 4220 ferme
1038 4177 1145 4222 omnes
1167 4152 1278 4218 eodem
1297 4155 1357 4221 hoc

254 4269 348 4334 modo
370 4270 558 4352 cognomina
579 4268 718 4351 adeptos.
763 4267 850 4334 Nam
872 4270 1071 4348 compertum
1094 4265 1128 4328 id
1151 4261 1280 4347 quidem
1310 4273 1360 4332 est
