3314 4938
229 1403 231 1408 ’
301 1432 562 1524 QUAENAM
598 1434 678 1510 srr
713 1431 1113 1510 nrrnonocronn
1149 1431 1298 1526 ounn

388 1597 595 1675 voolur
627 1599 907 1676 solemma
943 1547 1210 1678 unumst

522 1905 711 1988 Φιλόμυθος
736 1907 755 1976 ὁ
782 1905 981 2003 φιλόσοφός
1006 1935 1081 1983 πως.

940 2051 1002 2117 An.
1019 2050 1107 2116 Mur.
1123 2069 1146 2113 1.
1164 2069 1192 2117 2.

295 2302 322 2366 Ι.
346 2301 578 2366 Coummounn
590 2301 689 2387 siquis
704 2303 905 2368 scientiarum
920 2303 1026 2388 paullo
1038 2303 1193 2368 attentius
1208 2301 1349 2366 animad-

252 2411 392 2492 verterit,
408 2411 460 2476 ille
481 2410 516 2475 in
538 2412 624 2476 nullo
647 2411 775 2498 perinde
796 2412 890 2476 utin
912 2413 1060 2478 historico
1082 2433 1196 2498 genere
1211 2411 1349 2495 discipli-

250 2543 363 2586 narum
378 2527 486 2588 nostra
501 2521 651 2587 memoria
663 2521 812 2586 dilatatos
826 2521 987 2607 intelliget
1001 2546 1067 2588 esse
1081 2523 1168 2587 fines.
1201 2522 1250 2586 Ut
1265 2521 1350 2586 enim

252 2633 392 2697 exomni
413 2655 519 2696 rerum
540 2637 670 2697 naturae
691 2633 820 2717 regione
841 2657 924 2698 nova
945 2634 1009 2699 fere
1031 2633 1171 2719 quotidie
1192 2631 1228 2696 in
1248 2632 1351 2696 lucem

251 2747 374 2826 reperta
387 2742 599 2826 proferuntur,
614 2743 661 2806 ita
680 2744 760 2806 nulli
773 2744 937 2809 universae
951 2745 1111 2809 doctrinae
1132 2744 1215 2828 parti
1230 2741 1350 2807 studio-

252 2851 317 2916 sius
331 2852 387 2917 dat
401 2873 527 2936 operam
548 2852 626 2916 haec
647 2856 756 2916 nostra
775 2857 860 2917 aetas
874 2875 970 2937 quam
984 2854 1186 2918 scientiarum
1206 2853 1256 2932 iis,
1271 2874 1351 2938 quac

251 2962 286 3026 in
300 2963 509 3027 humanarum
524 2983 628 3027 rerum
643 2962 820 3048 originibus
834 2963 1033 3048 explorandis
1047 2970 1222 3030 versantur.
1264 2964 1350 3029 Quid

252 3074 337 3138 enim
357 3079 404 3140 est
419 3082 486 3140 tam
508 3075 691 3141 admirabile
705 3081 834 3161 tamque
848 3077 1025 3162 jucundum
1044 3078 1177 3162 cognitu
1196 3099 1291 3162 quam
1311 3075 1351 3140 ad

252 3183 499 3248 vetustissimam
514 3184 615 3248 nostri
630 3185 754 3269 generis
769 3185 991 3271 antiquitatem
1003 3187 1196 3272 cogitatione
1211 3186 1353 3252 reverti?

252 3293 302 3356 vel
314 3292 392 3376 quid
404 3292 660 3377 magnificentius
671 3315 766 3377 quam
780 3294 973 3380 investigare
985 3296 1248 3380 quemadmodum
1259 3301 1351 3360 tanta

251 3401 418 3466 nationum
439 3424 476 3466 ac
498 3401 681 3486 linguarum
700 3401 876 3482 diversitas,
891 3409 984 3468 tanta
1004 3427 1127 3468 morum
1149 3404 1351 3468 caerimonia-

252 3535 384 3598 rumque
393 3513 617 3578 dissimilitudo
629 3513 769 3578 evenerit
776 3538 787 3592 ;
806 3515 890 3579 unde
900 3515 1113 3581 increbuerint
1123 3519 1174 3581 tot
1184 3513 1352 3581 civitatum

252 3643 417 3705 rerumque
431 3621 629 3704 publicarum
640 3621 767 3705 species,
779 3623 863 3687 unde
877 3623 1060 3708 opinionum
1076 3624 1352 3710 superstitionum·

253 3753 313 3815 que
338 3731 480 3796 infinitae
506 3731 684 3809 varietates,
710 3732 793 3796 unde
818 3738 869 3798 tot
894 3735 1011 3800 artium
1039 3736 1169 3800 utilium
1194 3735 1352 3812 rationcs3

253 3841 386 3927 denique
401 3842 665 3926 quemadmodum
684 3829 860 3908 humanum
879 3867 982 3930 genus
996 3868 1035 3911 ex
1052 3846 1187 3930 pristina
1205 3846 1261 3910 illa
1275 3844 1351 3908 sim-

253 3952 394 4036 plicitate
421 3954 461 4019 ad
490 3954 571 4018 hanc
597 3953 682 4020 vitae
708 3949 888 4021 societatem
914 3958 1230 4042 commoditatemque
1255 3955 1355 4021 fuerit

254 4063 460 4128 traductum?
509 4066 549 4128 In
576 4087 637 4148 quo
666 4087 781 4148 genere
810 4068 1048 4152 disciplinarum
1080 4068 1195 4134 studiis
1224 4067 1354 4154 mytho-

254 4173 367 4257 logicis
390 4196 492 4238 novus
513 4175 612 4240 honor
634 4176 773 4239 accessit.
823 4178 951 4242 Etenim
973 4201 1037 4243 non
1059 4180 1135 4244 adeo
1157 4178 1252 4242 multi
1277 4183 1353 4242 sunt

255 4284 330 4348 anni
347 4308 385 4348 ex
401 4290 616 4369 quoueterem
631 4285 864 4371 mythologiam
879 4295 987 4372 poetae
1007 4295 1135 4354 tantum
1152 4288 1192 4354 ad
1214 4288 1356 4354 earmina

794 4418 815 4460 n
