3314 4938
463 341 576 412 qaum
602 327 733 390 occant
758 314 946 392 Scicntine
963 315 1139 392 utilitas?
1295 325 1342 392 19
1412 315 1417 326 ’

246 516 392 600 gentium
407 516 528 580 fabulas
542 516 582 580 ab
600 538 663 580 uno
683 515 852 600 eodemque
866 515 955 582 fonte
975 515 1132 582 derivatas
1152 513 1295 594 credunt,
1310 515 1344 580 in

246 625 452 710 omnibusque
468 631 524 690 aut
538 627 612 690 solis
632 631 689 690 aut
703 648 829 690 aurorae
849 625 1098 692 vicissitudinem
1120 648 1176 710 per
1195 626 1345 710 ambages

245 736 490 802 commemorari.
529 737 679 821 Adeoque
693 736 727 800 in
741 737 800 801 hac
814 759 878 800 una
891 736 1148 820 interpretatione
1163 736 1344 815 adhaerent,

120 931 124 940 .
245 852 283 911 ut
296 847 370 911 lieet
384 847 453 931 ipsa
471 869 527 931 per
541 868 573 912 se
589 847 730 931 jucunda
752 847 805 925 sit,
820 845 960 911 taedium
980 846 1099 930 legenti
1121 845 1345 930 fastidiumque

245 957 373 1022 tandem
396 964 622 1022 commoveant.
667 957 815 1042 Perlege⁸
835 957 925 1024 Ooxii
948 957 1088 1042 lepidum
1108 979 1182 1020 sane
1203 957 1345 1021 libellum

246 1090 357 1150 parum
387 1073 493 1132 tamen
521 1067 722 1133 credibilem:
759 1069 840 1132 nihil
874 1068 909 1132 in
942 1068 997 1132 illo
1026 1073 1244 1152 praeterquam
1272 1067 1351 1130 solis·

246 1200 434 1262 auroraeque
448 1183 553 1243 ortum
568 1183 662 1262 atque
682 1177 805 1242 obitum
819 1179 869 1242 vel
887 1178 970 1268 inter
988 1201 1021 1244 se
1035 1201 1157 1244 amores
1176 1177 1345 1256 inveneris,

152 1309 155 1316 ’
247 1311 325 1373 quae
340 1289 446 1353 omnia
466 1289 493 1354 si
509 1288 652 1373 quamvis
667 1288 823 1352 mirabilia
837 1311 910 1354 vera
924 1295 1032 1354 tamen
1052 1311 1118 1354 esse
1136 1287 1344 1366 concedimus,

246 1399 387 1483 sequitur
415 1399 527 1464 deinde
557 1399 638 1462 nihil
669 1398 732 1463 fere
763 1399 847 1482 apud
877 1399 1027 1496 pristinos
1057 1400 1192 1464 Arianos
1222 1403 1346 1482 praeter

246 1531 364 1577 numen
378 1509 452 1574 solis
467 1509 562 1574 fuisse
577 1508 708 1574 cultum.
755 1509 791 1572 Si
805 1510 876 1594 quis
893 1534 965 1575 vero
979 1511 1105 1574 haerere
1125 1533 1158 1574 se
1172 1509 1257 1574 dicat
1271 1507 1354 1592 quia·

246 1619 365 1684 nullius
395 1625 519 1706 praeter
548 1620 645 1684 solem
675 1619 854 1684 divinitatis
883 1621 964 1686 ratio
995 1621 1158 1700 habeatur,
1188 1620 1223 1684 in
1259 1620 1344 1684 hunc

247 1731 376 1795 modum
390 1731 573 1814 plerumque
588 1731 766 1814 responderi
781 1731 896 1795 soreth:
921 1732 1033 1796 ‘Nihil
1052 1755 1118 1798 esse
1138 1753 1247 1796 causae
1261 1729 1348 1814 quod.

247 1841 456 1919 admiremur3
480 1864 580 1925 neque
603 1841 688 1906 enim
712 1842 774 1905 sole
795 1835 967 1926 quidquam
988 1843 1155 1927 augustius
1169 1842 1220 1906 vel
1242 1839 1352 1924 magis,

246 1953 405 2036 tragicum
435 1952 515 2036 tingi
545 1974 644 2036 posse.
690 1952 948 2036 Contemplemur
977 1952 1097 2018 scilicet
1124 1951 1210 2016 illius
1241 1950 1353 2035 quoti.

247 2062 374 2128 dianam
396 2063 665 2146 pulchritudinem
685 2069 781 2147 atque
802 2064 916 2142 robur,·
943 2086 1006 2147 qua
1026 2062 1186 2128 hilaritate
1209 2085 1249 2127 ex
1271 2084 1345 2126 noc·

247 2178 342 2244 turna
361 2196 394 2238 se
414 2173 549 2257 caligine
568 2173 721 2238 orientem
741 2174 862 2258 eriget:
889 2197 952 2258 qua
970 2175 1133 2259 majestate
1155 2172 1347 2238 meridianus

248 2283 415 2366 effulgeat:
443 2307 541 2368 quam
564 2283 666 2350 flebile
690 2285 902 2368 spectaculum
924 2284 1090 2369 paullatim
1114 2307 1133 2348 a
1156 2284 1239 2348 caelo
1262 2304 1352 2346 rece·-

248 2393 363 2472 dentis,
378 2395 476 2462 donec
491 2394 737 2462 increbrescente
752 2395 873 2472 umbra,
889 2394 1039 2479 spoliatus
1053 2394 1206 2478 potentia,
1217 2393 1354 2457 tandem.

248 2507 296 2572 uti
318 2507 460 2572 devictus
483 2530 600 2592 magno
619 2506 791 2572 certamine
813 2507 946 2570 bellator
966 2505 1115 2571 decedat’
1159 2505 1292 2570 Pulchre
1313 2503 1350 2569 id

248 2617 377 2699 quidem
397 2617 585 2702 expositum,
600 2618 676 2682 licet
690 2617 819 2702 poeticis
839 2617 943 2702 magis
963 2617 1109 2682 decorum
1123 2615 1237 2681 fabulis
1251 2637 1347 2700 quam

248 2725 406 2788 constanti
426 2725 682 2810 philosophorum
702 2727 826 2790 rationi.
871 2726 911 2789 ld
925 2749 998 2791 vero
1013 2749 1076 2790 non
1091 2725 1354 2811 praetermitten·,

249 2833 326 2896 dum
354 2855 514 2898 censemus
544 2833 628 2918 quod
653 2835 778 2897 auctori
805 2833 935 2897 minime
961 2835 1152 2918 spernendus
1182 2834 1354 2911 scribit,-.

249 2942 366 3010 ‘solem
387 2943 473 3006 haud
502 2965 660 3028 quaquam
682 2964 755 3006 eum
777 2942 882 3006 locum
912 2941 996 3006 inter
1023 2941 1158 3006 Vedicas
1180 2940 1353 3025 religiones

249 3053 400 3129 obtinere,
424 3076 518 3138 quem
543 3075 583 3120 ex
607 3053 706 3138 ipsius
731 3059 823 3118 tanto
849 3052 1013 3137 splendore
1036 3052 1150 3117 velex
1171 3050 1357 3116 vicinarum·

248 3161 394 3246 gentium
422 3163 513 3228 cultu
543 3163 755 3248 exspectaturi
785 3164 945 3228 essemus?
990 3163 1079 3229 Quae
1109 3162 1245 3248 suspicio
1275 3161 1349 3230 iude

249 3275 385 3340 maxime
410 3279 546 3358 augetur
569 3274 653 3359 quod
679 3274 718 3338 de
742 3275 802 3340 hac
827 3274 896 3358 ipsa
920 3297 954 3339 re
979 3275 1182 3360 mythologos
1207 3275 1292 3340 inter
1317 3297 1350 3340 se

250 3385 414 3452 dissentire
436 3384 589 3452 videmus.
634 3384 781 3470 Namque
803 3389 841 3448 ut
862 3384 946 3468 apud
966 3405 1024 3448 nos
1046 3383 1221 3447 Muellerus
1243 3389 1276 3447 et
1295 3383 1356 3467 qui·

250 3518 322 3560 eum
337 3501 512 3580 sequuntur
523 3494 596 3560 solis
611 3500 738 3560 tantum
753 3501 847 3579 atque
862 3515 990 3559 aurorae
1010 3493 1203 3558 mentionem
1218 3493 1350 3573 faciunt,

196 3676 198 3681 ,
250 3603 295 3668 ita
310 3604 433 3670 Kuhnii
450 3605 502 3687 (ad
516 3627 610 3690 quem
630 3605 665 3668 in
679 3606 738 3670 hac
759 3604 926 3689 disciplina
944 3604 1062 3689 primes
1084 3604 1230 3668 defenmt
1244 3603 1350 3688 multi)

249 3714 312 3779 alia
330 3721 379 3780 est
393 3714 510 3800 opinio,
528 3714 643 3799 quippe
662 3715 717 3800 qui
736 3714 824 3778 illam
843 3715 878 3776 in
897 3715 1025 3780 Vediois
1047 3714 1237 3780 carminibus
1259 3715 1349 3779 invo-

251 3835 353 3896 catam
377 3828 522 3914 Saranyu
545 3851 606 3892 non
633 3830 789 3893 Auroram
810 3851 875 3892 esse
901 3829 979 3894 velit
1005 3851 1116 3894 verum
1137 3829 1254 3894 nubem
1276 3850 1348 3912 pro·

284 4058 295 4088 ⁸
312 4048 343 4096 G.
354 4049 392 4097 W.
406 4049 466 4106 (lox,
479 4050 518 4098 ‘A
530 4048 636 4098 Menual
647 4049 676 4097 of
683 4047 859 4112 Comparative
871 4046 1039 4111 Mythology,'
1056 4047 1126 4110 1867.

263 4185 266 4192 .
284 4130 296 4162 ¹¹
312 4129 359 4178 See
379 4129 478 4192 Maury,
492 4130 645 4194 ‘Oroyanocs
665 4134 692 4180 et
710 4129 910 4194 Legendeq’pp.
923 4139 959 4193 17,
973 4142 1012 4190 5ο,
1029 4129 1079 4176 and
1090 4134 1097 4155 ‘
1107 4129 1194 4178 Revue
1215 4121 1259 4176 des
1278 4127 1351 4176 Deux

252 4209 374 4270 trondem
386 4209 435 4258 vol.
446 4209 508 4259 lxvi.
519 4227 543 4274 p.
557 4223 615 4274 911.
1052 4269 1053 4272 Ἴ

283 4292 290 4325 ¹
313 4290 417 4352 Wilson,
434 4282 499 4353 “aig
510 4291 601 4351 Veda,’
613 4293 694 4342 Praei.
707 4309 731 4356 p.
745 4291 824 4340 xxxii.
859 4291 981 4356 Compare
992 4289 1044 4338 also
1054 4305 1079 4353 p.
1094 4289 1179 4337 xxviii.
