3314 4938
295 301 341 372 14
565 293 760 382 Quaenam
784 289 834 366 eit
858 287 1134 386 Mytboloqicae

293 496 417 575 partem
438 491 623 559 nonnullam
646 490 788 556 omnium
809 489 987 554 fabularum
1009 511 1047 554 ex
1069 487 1221 573 allegoria
1244 492 1397 553 constare.

296 602 337 664 In
366 623 401 666 eo
427 607 534 666 tamen
563 602 736 680 haeremus,
761 600 788 664 si
817 599 887 684 quis
916 622 956 664 ex
985 599 1044 664 hoc
1073 621 1137 664 uuo
1163 598 1250 663 fonte
1274 619 1398 663 omnem

165 703 170 716 ’
297 711 529 796 mythologiam
555 711 697 776 derivare
727 711 814 776 velit.
870 710 982 776 Quam·
1006 709 1197 774 sententiam
1227 708 1399 774 Oreuzerus

296 841 397 904 neque
420 820 496 884 satis
522 820 642 885 idoneis
670 821 836 886 confirmat
859 819 1066 904 argumentis,
1090 817 1219 902 ideoque
1242 817 1406 902 imprimis

296 929 459 1013 amplexus
479 931 614 1010 videtur,
635 931 718 1015 quia,
740 930 915 994 Iamblicho
941 929 1139 1014 ejusdemque
1167 934 1261 993 notae
1290 933 1397 992 aueto-

296 1038 384 1104 ribus
402 1039 586 1126 diligentius
606 1041 823 1126 pervolutatis,
840 1039 963 1105 serioris
982 1040 1093 1124 etjam
1108 1039 1157 1103 sui
1171 1061 1269 1124 paene
1284 1037 1399 1104 oblitae

299 1149 443 1216 Helladis
478 1152 610 1217 colorem
645 1152 685 1216 ad
715 1150 883 1216 vetustatis
913 1150 1149 1234 simplicitatem
1182 1155 1299 1216 temere
1333 1155 1397 1212 tra·

297 1261 448 1328 duxisset.
509 1262 661 1328 Oreuzero
695 1268 802 1326 autem
833 1284 924 1326 nemo
954 1263 1023 1346 jam
1059 1260 1200 1344 proprias
1234 1257 1399 1344 denegarit

296 1373 414 1452 laudes,
441 1374 556 1458 quippe
584 1373 639 1458 qui
668 1373 706 1438 de
735 1373 905 1458 philologis
934 1372 1053 1456 optime
1085 1372 1243 1436 meruerit.
1297 1371 1399 1434 Tanta

298 1488 406 1554 tamen
428 1483 604 1548 studiorum
625 1483 912 1569 mythologicorum
933 1505 973 1546 ex
995 1483 1062 1567 ejus
1083 1489 1224 1565 tempore
1246 1481 1329 1544 facta
1350 1486 1399 1544 est

298 1596 469 1675 conversio,
495 1597 535 1660 ad
564 1619 659 1682 quam
682 1596 875 1660 efficiendam
901 1594 1000 1679 ipsius
1021 1617 1086 1658 non
1109 1594 1177 1658 leve
1202 1599 1399 1658 momentum

298 1707 371 1787 fuit,
386 1715 424 1772 ut
433 1709 501 1793 jam
521 1708 597 1774 satis
614 1707 678 1774 fere
695 1711 822 1774 tantum
842 1713 1003 1772 auctorem
1020 1706 1169 1772 refellisse
1184 1705 1356 1784 videamur,
1373 1705 1398 1769 si

298 1818 370 1884 libri
393 1819 546 1884 indicem!
568 1818 734 1883 dumtaxat
756 1817 1039 1882 memoraverimus.
1084 1817 1153 1880 Nos
1179 1816 1264 1880 enim
1285 1816 1399 1899 quibus

299 1930 403 1996 sanior
425 1931 589 1996 historiam
614 1931 827 2014 investigandi
850 1932 931 1996 ratio
954 1930 1068 1995 accidit
1091 1953 1216 1994 omnem
1239 1930 1333 1994 istam
1360 1930 1399 1994 de

299 2042 496 2108 sacerdotum
521 2043 710 2108 auctoritate
735 2042 962 2126 disciplinaque
987 2063 1066 2126 quae
1091 2041 1268 2125 appellatur
1293 2041 1398 2105 arcani

299 2152 480 2235 opinionem
502 2152 719 2231 dedidieimus,
741 2174 843 2237 neque
867 2157 984 2222 temere
1005 2151 1044 2215 de
1066 2150 1294 2235 antiquissimis
1316 2157 1397 2215 tem·

299 2262 427 2346 poribus
444 2263 647 2328 statuendum
668 2262 865 2327 arbitramur.
911 2262 1074 2326 Praeterea
1090 2261 1125 2325 in
1141 2284 1177 2326 eo
1195 2262 1245 2326 vel
1262 2261 1398 2326 maxime

299 2395 425 2456 peccare
455 2373 580 2438 videtur
610 2373 781 2438 Creuzcrus
811 2372 894 2457 quod
926 2395 1034 2437 omnes
1063 2371 1205 2436 omnium
1233 2371 1398 2436 nationum

299 2483 419 2550 fabulas
440 2483 474 2546 in
495 2507 595 2548 unum
614 2489 765 2567 tanquam
788 2506 935 2548 acervum
954 2481 1120 2560 converrit,
1139 2482 1227 2546 nulla
1246 2487 1398 2566 cognatae

299 2594 456 2658 alienaeve
491 2594 625 2677 originis
658 2593 768 2656 habita
803 2593 942 2670 ratione3
983 2591 1095 2656 deinde
1130 2593 1347 2676 quodcumque
1380 2614 1400 2655 a

299 2703 440 2788 quolibet
466 2703 746 2787 grammaticorum
775 2707 977 2783 memoratur,
1007 2703 1041 2767 id
1074 2702 1169 2768 nimis
1203 2703 1289 2768 facili
1323 2726 1399 2768 usus

299 2811 481 2886 credulitate
501 2835 557 2897 pro
572 2834 645 2877 vero
665 2813 770 2876 habet.
817 2813 857 2875 In
880 2813 939 2878 hoc
957 2818 1064 2878 tamen
1082 2813 1158 2877 fecit
1171 2812 1300 2896 optime,
1315 2812 1400 2896 quod

299 2927 441 2986 veterum
466 2921 653 3005 populorum
669 2922 800 2992 ¹fabulas
825 2945 889 2986 non
919 2945 958 2985 ex
984 2922 1077 2986 unius
1102 2921 1268 2986 dumtaxat
1293 2922 1400 3004 gentis

300 3033 420 3097 ratione
435 3032 656 3118 explanandas,
669 3031 725 3095 scd
742 3032 864 3096 collatis
882 3032 1028 3096 omnibus
1048 3055 1127 3116 quae
1144 3032 1246 3096 lucem
1261 3031 1399 3115 aliquam

300 3141 450 3208 allaturae
470 3147 584 3219 essent,
602 3141 762 3226 judicarit.
808 3135 928 3207 Quodsi
954 3143 1059 3226 paullo
1077 3142 1236 3208 confusius
1257 3142 1399 3226 exempla

300 3251 517 3316 similitudinis
532 3251 736 3335 comparavit,
753 3274 852 3336 neque
870 3251 946 3318 satis
967 3253 1127 3337 explorata
1147 3259 1311 3317 auctorum
1326 3253 1398 3333 fide,

299 3362 333 3426 id
361 3362 475 3427 saltem
503 3362 678 3428 luculenter
711 3362 868 3446 praevidit
896 3386 986 3448 posse
1015 3363 1083 3427 fieri
1115 3386 1210 3428 unam
1241 3364 1398 3448 quandam

300 3473 517 3538 universarum
546 3472 735 3556 religionum
765 3473 938 3549 scientiam,
965 3474 1125 3558 adquam
1151 3474 1398 3559 consequendam

300 3605 409 3652 omnes
423 3583 680 3667 mythologorum
696 3590 825 3647 conatus
840 3584 1025 3648 contendere
1040 3584 1197 3650 deberent.

342 3694 385 3758 V.
409 3693 487 3758 Post
510 3693 700 3759 Creuzerum
725 3693 810 3758 idem
833 3693 949 3758 accidit
977 3695 1061 3778 quod
1087 3696 1125 3760 fit
1152 3696 1286 3780 saepius,
1313 3703 1350 3760 ut
1378 3721 1398 3760 a

299 3803 456 3869 contraria
493 3803 527 3866 in
564 3803 752 3868 contrariam
789 3810 918 3887 repente
955 3805 1144 3870 sententiam
1185 3807 1397 3872 revolveretur

299 3912 450 3998 quaestio.
496 3911 590 3978 Duo*
605 3913 689 3980 enim
706 3913 805 3978 secuti
821 3918 896 3977 sunt
911 3913 1074 3999 philologi,
1091 3916 1269 3980 Lobeckius
1285 3937 1396 4000 nempe

298 4031 332 4090 et
356 4024 398 4088 K.
423 4024 463 4088 Ο.
487 4024 670 4103 Muellerus,
693 4047 825 4108 quorum
852 4024 903 4087 ille
927 4025 1141 4090 vehementior
1163 4025 1395 4110 superstitionis

332 4205 344 4238 5
356 4197 410 4245 Vin.
424 4196 488 4246 ‘Die
501 4196 645 4260 Symbolik.¹
1052 4263 1055 4270 γ

329 4287 340 4315 ²
357 4278 403 4328 Sec
415 4278 507 4328 Erunt
521 4277 617 4334 Rdnan,
631 4277 744 4330 ‘Etudss
755 4277 786 4325 ds
799 4274 929 4325 l'Histoire
943 4277 1098 4342 Religieuse.'
1107 4296 1130 4344 p.
1146 4294 1176 4342 34
1188 4280 1236 4329 and
1252 4280 1386 4343 following.
