3314 4938
463 353 576 425 quum
601 339 731 400 vocum
757 323 945 400 Seieutioe
970 322 1148 399 utilitas?
1309 327 1355 394 17
1386 287 1394 304 ⁰

171 517 175 524 ⁴
257 527 431 592 similitudo
446 531 595 610 appareat
609 525 692 590 inter
706 525 836 589 nomina
850 525 1045 609 quorundam
1061 523 1252 587 Graecorum
1267 521 1356 584 India

256 660 424 722 eorumque
439 637 567 702 deorum
575 661 585 714 ;
604 641 762 720 praeterea
776 636 860 720 ipsas
882 635 920 700 de
930 633 1114 699 numinibus
1124 632 1264 718 proditas
1275 631 1359 716 apud

256 755 421 832 utramque
444 747 605 812 nationem
626 747 747 810 fabulas
773 746 884 810 multis
907 746 1009 810 modis
1031 745 1205 810 convenire.
1252 743 1358 808 Quam

217 939 221 948 Ι
257 859 500 924 similitudinem
529 880 602 921 casu
634 856 782 921 accidisse
815 857 929 920 nolunt
958 856 1089 920 credere.
1133 856 1230 920 Porro
1260 853 1357 919 etium

256 969 440 1034 nominibus
463 968 654 1031 Graecorum
676 966 805 1031 deorum
827 989 891 1030 non
912 966 1008 1031 fuisse
1030 967 1212 1050 plerumque
1235 966 1356 1030 domes·

256 1081 354 1144 ticam
379 1078 545 1163 originem,
569 1083 710 1162 arguunt
740 1082 865 1143 tentata
893 1078 933 1141 ab
963 1077 1110 1140 omnibus
1139 1077 1358 1160 grammaticis

257 1191 374 1254 frustra
388 1189 482 1254 toties
497 1193 613 1274 etyma.
657 1189 708 1251 Ex
730 1210 791 1272 quo
807 1189 840 1252 id
862 1188 1030 1272 eolligunt,
1046 1209 1153 1252 omnes
1168 1187 1359 1251 Arianorum

256 1307 378 1385 gentes,
393 1322 471 1383 quae
485 1299 536 1363 vel
550 1300 585 1362 in
599 1299 725 1382 Europa
733 1299 784 1363 vel
798 1298 833 1363 in
842 1299 921 1362 Asia
933 1304 1006 1382 post
1014 1299 1115 1362 varias
1129 1297 1358 1382 migrationum

256 1411 491 1476 vicissitudines
520 1410 624 1473 locum
648 1409 708 1472 sibi
737 1409 983 1493 exquisiverunt,
1007 1409 1186 1472 fabularum
1208 1408 1357 1492 supersti-

256 1522 440 1604 tionumque
462 1542 660 1584 communem
680 1519 769 1603 quasi
785 1519 992 1584 hereditatem
1012 1520 1136 1598 adiisse,
1152 1542 1231 1602 quae
1250 1524 1358 1582 tamen

257 1637 307 1696 tot
336 1632 510 1697 seculorum
539 1631 617 1695 serie
646 1631 806 1714 tantisque
837 1631 976 1696 locorum
1008 1630 1183 1695 intervallis
1212 1629 1358 1694 omnibus

257 1744 359 1808 modis
387 1765 444 1826 pro
469 1743 617 1826 cujusque
644 1741 750 1825 gentis
775 1741 904 1825 ingenio
928 1747 1031 1806 essent
1056 1742 1253 1806 immutatae.
1297 1741 1358 1803 Cui

258 1853 430 1918 sententiae
453 1853 535 1916 nihil
561 1852 649 1916 obest
674 1853 751 1935 quin
777 1852 974 1935 aliquatenus
1002 1858 1085 1917 certe
1111 1852 1357 1936 adstipulamur3

258 1963 412 2048 siquidem
435 1985 527 2028 nemo
548 1962 709 2027 dubitabit
731 1963 834 2026 multa
854 1962 1046 2026 Graecorum
1068 1963 1196 2028 deorum
1219 1961 1358 2040 nomina,

258 2073 341 2140 siout
366 2077 456 2152 Ἠώς,
482 2076 565 2149 Ζεύς,
591 2076 736 2154 Οὐρανός,
762 2096 801 2138 ex
827 2073 948 2138 Indicis
971 2073 1063 2139 facile
1088 2097 1178 2158 posse
1199 2071 1358 2158 explicari.

259 2183 356 2248 Hune
381 2183 483 2267 igitur
511 2183 616 2246 locum
645 2182 801 2247 uberrime
825 2188 1043 2248 tractaverunt
1071 2183 1247 2268 inprimis
1275 2183 1360 2269 apud

259 2292 433 2386 Germanos
459 2292 609 2355 Kuhnius
639 2292 723 2375 apud
750 2315 808 2356 nos
838 2293 887 2356 M.
915 2293 1101 2372 Muellerus,
1127 2294 1179 2358 cui
1203 2291 1359 2376 quantum

258 2404 413 2488 Anglieae
427 2403 561 2468 debeant
575 2403 683 2467 literae
698 2403 783 2487 grati
798 2403 1019 2488 profiteamur(
1052 2405 1159 2490 Hujus
1180 2413 1287 2478 autem
1305 2423 1359 2469 eu·¹

258 2514 437 2598 plicationis
457 2513 542 2578 tanti
564 2514 624 2579 erit
641 2515 784 2598 exempla
801 2515 954 2598 quaedam
976 2537 1070 2598 quam
1083 2515 1265 2580 brevissime
1286 2507 1359 2600 pro·

258 2623 346 2690 ferre.
392 2623 438 2688 Et
466 2625 604 2708 primurn
633 2625 755 2689 fabulas
781 2625 845 2690 fere
874 2647 982 2690 omnes
1007 2647 1086 2709 quae
1115 2626 1199 2710 apud
1224 2619 1359 2690 Arianos

258 2718 392 2818 usquam
406 2733 628 2798 increbuerunt
641 2735 682 2799 ad
697 2736 794 2800 solem
808 2737 859 2800 vel
874 2759 1017 2801 auroram
1039 2737 1171 2801 credunt
1184 2737 1358 2821 pertinere:

258 2845 368 2909 heroas
394 2866 501 2909 omnes
526 2845 624 2908 ferme
649 2849 743 2928 atque
767 2845 840 2910 deos
864 2846 962 2910 solem
987 2869 1019 2910 re
1042 2869 1116 2910 vera
1140 2847 1253 2924 fuisse3
1286 2848 1359 2911 deas

259 2964 367 3021 autem
382 2961 415 3021 et
429 2955 571 3041 virgines
585 2955 656 3019 illas
671 2955 800 3022 deorum
815 2956 1004 3040 hemumque
1018 2971 1193 3036 amores,-'

473 3145 478 3156 .
490 3144 496 3156 .
514 3145 519 3156 .
533 3145 539 3156 .
558 3123 729 3172 quascumque
741 3109 802 3158 tulit
814 3109 916 3158 formosi
927 3109 1047 3173 temporis
1059 3114 1135 3169 aetas,

260 3254 416 3339 originem
445 3253 484 3318 ab
516 3276 626 3317 aurora
654 3254 811 3319 duxisse&
865 3255 978 3338 Itaque
1007 3254 1221 3348 Aphroditam
1248 3278 1382 3339 spuma·

260 3371 401 3430 exortam
422 3365 544 3429 marina
565 3365 668 3429 lucem
690 3365 803 3429 volunt
824 3387 890 3430 esse
913 3364 1104 3428 matutinam
1125 3365 1305 3429 efferentem
1327 3389 1360 3430 se

260 3497 394 3554 oceano,
418 3475 547 3559 ideoque
561 3475 718 3540 Venerem
740 3475 906 3560 abreptum
924 3474 985 3539 sibi
999 3473 1139 3538 Adonim
1153 3473 1272 3558 lugere,
1287 3475 1362 3558 quia

260 3586 356 3648 etiam
378 3609 488 3676 aurora
509 3587 670 3650 maturum
692 3585 767 3649 solis
782 3608 925 3650 occasum
946 3585 1034 3669 queri
1054 3586 1204 3670 fingatur.
1249 3585 1362 3670 Neque

260 3693 352 3758 aliter
372 3695 530 3779 Daphnen
551 3717 695 3760 auroram
709 3695 804 3759 fuisse
824 3700 950 3780 putant,
966 3718 1061 3780 quam
1075 3719 1095 3760 a
1109 3695 1234 3761 Phaebo
1249 3689 1363 3780 cupide

260 3810 465 3889 prosequente
481 3806 629 3869 dilectam
651 3806 825 3884 evanuisse,
841 3805 915 3889 quia
934 3805 1130 3870 matutinum
1145 3807 1362 3890 crepusculum

261 3916 308 4008 sol
322 3916 426 3980 oriens
440 3921 473 3980 et
489 3917 697 4000 subsequatur
711 3921 744 3980 et
764 3916 904 4001 dissipet.
949 3909 1069 3980 Eadem
1083 3914 1204 3992 ratione
1217 3915 1361 3998 pulcher·
1429 3899 1432 3908 ’

261 4026 374 4120 rimam
389 4026 520 4110 Cephali
543 4033 575 4091 et
596 4026 752 4091 Procridis
774 4026 914 4091 fabulam
936 4027 1195 4114 interpretantur..
1238 4026 1362 4109 Nempe

292 4222 307 4251 e
324 4211 371 4259 See
383 4209 434 4258 Mr.
446 4211 477 4260 G.
489 4213 531 4261 W.
545 4213 619 4261 Oox's
630 4211 752 4260 ‘Manual
764 4212 792 4260 of
800 4212 977 4277 Comparative
989 4209 1157 4274 Mythology,’
1168 4211 1218 4258 und
1235 4211 1364 4261 Professor

261 4292 323 4342 Max
336 4291 453 4342 Muller's
465 4300 470 4319 ¹
481 4293 560 4358 Essay
571 4311 603 4342 on
615 4293 791 4356 Comparative
805 4293 971 4358 Mythology,'
984 4290 1078 4340 Oxford
1091 4293 1190 4354 Essays,
1207 4291 1277 4354 1856.
