3314 4938
311 316 360 387 aa
522 317 530 332 ’
574 311 768 402 ausen
790 310 842 386 se
865 308 1139 410 nealcae

310 535 420 580 eorum
439 511 567 597 quidem
586 512 769 598 mythorum
783 516 906 597 praesto
921 511 1010 576 adest
1028 511 1187 576 uberrima
1201 511 1299 597 copia,
1315 534 1413 596 quum

308 630 474 710 poetarum
500 623 656 708 explicata
684 623 773 688 libris
802 628 873 688 tum
902 623 1052 707 opificum
1081 623 1191 688 divina
1218 643 1316 706 paene
1344 627 1413 690 arte

247 737 251 744 '
309 735 486 814 illustrata3
510 734 624 800 deinde
646 732 687 800 ad
707 733 937 798 Germanorum
958 733 1157 818 exponendas
1175 733 1296 798 fabulas
1310 733 1413 816 patrio

305 846 448 930 ¹quodam
470 867 543 910 eum
565 866 669 920 amore
690 844 864 929 complures
886 843 1039 928 philologi
1060 844 1300 922 laboraverunt,
1324 867 1412 928 prae-

312 965 400 1022 terea
410 955 644 1041 mythologiarn
657 954 842 1019 Scandicam
856 953 1047 1038 lepidissime
1059 953 1228 1039 explicavit
1242 954 1413 1019 Dasentius

308 1071 454 1147 nostras3
478 1068 606 1132 demum
616 1065 805 1131 Vedioarum
816 1065 916 1129 indies
930 1063 1041 1129 clarior
1052 1063 1142 1129 nobis
1157 1065 1246 1130 adest
1260 1065 1411 1150 cognitio.

311 1179 406 1244 Haeo
431 1202 504 1244 varo
527 1182 603 1244 sumt
626 1177 732 1242 omnia
758 1177 808 1241 vel
831 1198 929 1262 paone
954 1177 1060 1241 omnia
1084 1199 1163 1261 quae
1186 1177 1356 1241 habemus:
1380 1183 1414 1240 et
1469 1168 1489 1216 ·'

313 1312 410 1376 quam
422 1288 543 1354 multae
557 1287 749 1352 Arianorum
769 1291 880 1372 gentes
895 1286 999 1352 locum
1013 1286 1058 1350 ibi
1073 1309 1138 1350 non
1153 1287 1280 1350 habent.
1325 1287 1412 1351 Nam

312 1400 468 1464 Italorum
489 1398 613 1464 natiras
633 1398 753 1463 fabulas
772 1397 893 1463 irruens
916 1398 1048 1463 Graecia
1068 1398 1196 1463 omnino
1215 1398 1313 1463 ferme
1333 1398 1411 1463 obli-

312 1509 450 1589 teravit3
485 1515 518 1574 et
546 1510 585 1575 de
613 1509 781 1574 Persarum
806 1515 949 1596 veterum
978 1510 1177 1596 mythologie
1204 1533 1302 1596 paene
1331 1509 1412 1574 nihil

312 1623 507 1703 compertum
522 1619 684 1684 habemus.
730 1619 894 1684 Praeterea
911 1619 981 1704 quis
1001 1619 1040 1684 de
1061 1619 1250 1684 colticarum
1266 1620 1412 1705 gentium

311 1731 363 1796 vel
393 1731 626 1796 Lithuanorum
651 1732 702 1797 vel
732 1731 898 1796 Slavorum
928 1727 1044 1797 fabulis
1072 1732 1244 1817 quidquam
1273 1755 1305 1797 se
1335 1731 1413 1797 certi

311 1840 490 1926 intelligere
510 1840 704 1906 affirmavit?
747 1841 792 1906 Et
814 1845 922 1906 tamen
937 1863 976 1906 ex
997 1841 1110 1905 harum
1132 1841 1279 1927 gentium
1292 1841 1412 1926 linguis

311 1953 414 2017 multa
439 1975 475 2017 ac
499 1951 657 2038 praeclara
678 1951 796 2017 auxilia
817 1953 1018 2038 grammatici
1041 1953 1229 2018 habuerunt.
1276 1953 1410 2019 Quando

312 2068 419 2126 autem
442 2062 477 2125 in
500 2063 569 2146 ipsa
598 2063 731 2128 materia
755 2063 832 2129 adeo
861 2064 964 2128 multa
990 2064 1215 2142 desiderantur,
1242 2086 1319 2149 opus
1343 2066 1412 2150 jam

305 2196 398 2260 *nunc
417 2173 643 2238 absolvendum
665 2173 821 2259 suscipere
835 2181 1093 2260 constantemque
1108 2177 1321 2262 mythologiae
1335 2177 1411 2240 rati-

313 2307 387 2351 nem
406 2283 637 2369 perficiendam,
656 2307 705 2350 res
724 2286 889 2351 temeraria
904 2287 1038 2352 videtur.
1083 2289 1190 2372 Atque
1212 2287 1245 2351 in
1268 2309 1411 2372 praesen·
1532 2365 1534 2370 Ι

313 2396 430 2460 tiarum
460 2395 572 2460 saltem
606 2395 676 2460 ideo
705 2397 869 2482 praecipue
898 2397 977 2462 eniti
1012 2398 1128 2463 debent
1156 2398 1345 2483 mythologi,
1374 2401 1412 2460 ut

313 2507 556 2591 uniuscujusque
570 2507 717 2591 gentium
729 2509 919 2572 Arianarum
930 2509 1053 2572 fabulas
1068 2513 1101 2572 et
1112 2507 1279 2593 religiones
1290 2531 1413 2573 summa

314 2617 481 2701 diligentia
518 2622 630 2682 emant
662 2618 887 2712 evolvantqu03
926 2640 1027 2702 neque
1066 2623 1159 2682 antea
1196 2619 1412 2703 comparandis

313 2727 428 2791 fabulis
452 2727 632 2792 incumbere
654 2750 747 2814 quam
766 2728 874 2813 populi
895 2729 1043 2815 cujusque
1067 2729 1308 2815 mythologiam,
1331 2729 1413 2794 sieut

313 2839 457 2923 linguam
472 2839 682 2924 grammatici,
697 2840 854 2925 explorate
868 2840 1084 2926 cognoverint.

358 2948 458 3015 XIII.
482 2951 579 3016 Plura
606 2950 691 3016 hisee
716 2957 905 3036 argumenta
929 2952 1111 3016 subnectere
1139 2951 1172 3015 in
1201 2951 1307 3016 animo
1336 2956 1412 3029 erat,

313 3081 450 3144 magnus
464 3060 549 3125 enim
570 3060 622 3124 hic
643 3061 730 3125 loeus
751 3066 809 3140 est,
825 3061 879 3146 qui
900 3067 1009 3146 utpote
1031 3061 1132 3126 adhuc
1153 3061 1218 3128 fere
1238 3063 1414 3127 intentatus

314 3173 476 3255 integrum
493 3172 640 3236 volumen
661 3172 823 3237 desiderat.
868 3175 919 3236 Ex
940 3173 979 3238 iis
996 3180 1104 3239 tamen
1125 3197 1203 3259 quae
1220 3175 1288 3259 jam
1309 3174 1415 3258 dispu-

313 3281 452 3346 tavimus
477 3281 554 3346 satis
579 3281 704 3347 videtur
725 3282 853 3367 liquere,
876 3283 1015 3367 primum
1038 3308 1132 3369 quam
1154 3285 1324 3369 multiplici
1346 3288 1415 3348 tota

313 3392 455 3482 quaestio
477 3393 597 3458 laboret
619 3393 813 3472 difficultate,
836 3393 947 3459 deinde
969 3395 1132 3460 scientiam
1153 3395 1413 3481 mythologioam,

313 3524 427 3586 nempe
448 3502 664 3587 mythologice
689 3504 941 3588 interpretandae
965 3511 1162 3570 constantem
1186 3506 1414 3590 perfectamque

314 3611 467 3676 rationem
481 3610 613 3675 viridum
634 3620 756 3696 praesto
772 3614 894 3679 adesse:
918 3615 972 3679 sed
986 3638 1093 3680 omnes
1113 3615 1219 3700 quide
1238 3616 1414 3680 tabularum

306 3721 532 3806 explanatione
555 3722 777 3803 disseruerunt,
799 3725 963 3790 materiam
985 3726 1077 3791 modo
1099 3727 1193 3790 aliam
1219 3725 1296 3789 alios
1318 3725 1357 3789 ad
1382 3725 1415 3788 id

316 3854 395 3916 opus
409 3832 632 3896 exstruendum
652 3835 830 3913 contulisse,
846 3836 929 3919 quod
948 3858 967 3899 a
986 3837 1150 3920 'Iheagene
1171 3836 1319 3920 Rhegino
1339 3834 1415 3900 olim

314 3943 537 4012 adumbratum
563 3945 704 4009 nondum
727 3947 795 4031 jam
814 3947 857 4033 ¹ad
881 3947 1102 4032 perfectionem
1128 3948 1416 4033 absolutionemque

313 4053 501 4137 pervenerit.
561 4056 714 4121 Attamen
742 4079 782 4122 ne
806 4059 974 4143 allegorico
997 4059 1122 4142 quidem
1147 4057 1415 4143 interpretationis

316 4165 425 4258 generi
452 4165 555 4231 deesse
578 4166 706 4230 omnino
732 4168 886 4232 credimus
911 4169 1086 4235 veritatem.
1139 4171 1215 4234 Pars
1244 4171 1329 4236 enim
1357 4172 1414 4236 ali-
1509 4155 1517 4164 ’

316 4282 434 4360 quanta
455 4277 592 4362 cujusvis
618 4278 814 4364 mythologie
836 4302 875 4344 ex
900 4280 1049 4365 allegoria
1070 4287 1192 4347 constet
1213 4304 1336 4348 necesse
1356 4289 1414 4362 est,
