3314 4938
445 340 558 413 quum
583 319 715 391 uoouat
740 312 932 389 8111111111
956 311 1136 400 ataldus?
1294 319 1343 389 28

245 515 352 582 ordine
381 511 448 578 fieri
473 511 685 578 ostenderunt.
732 510 814 578 Quis
837 515 945 577 autem
972 533 1100 577 normae
1125 507 1211 576 illius
1235 511 1345 576 (1111111
1391 519 1393 524 ’
1458 497 1460 502 ’

244 625 366 696 mianae
387 623 490 690 simile
512 622 633 706 aliquid
654 621 689 686 in
710 622 908 707 mythologia
920 622 990 688 fieri
1010 622 1136 702 dixerit,
1149 623 1202 687 vel
1222 622 1346 688 fabulas

210 753 211 756 ’
243 757 308 800 non
330 757 369 800 ex
390 733 521 805 arbitrio
542 732 740 798 narrantium
754 755 865 800 verum
882 733 1040 798 constanti
1060 738 1204 818 certaque
1223 734 1345 800 ratione

244 845 431 913 immutari?
477 843 605 909 Scilicet
619 843 781 908 firmitatis
803 843 924 928 aliquid
945 843 980 908 in
998 866 1032 908 se
1052 845 1170 910 habent
1184 845 1345 926 vocabula)

244 957 423 1022 fabularum
443 977 517 1028 vero
538 959 652 1022 nutura
673 954 831 1034 flexibilis,
854 954 984 1040 ipsoque
1006 955 1086 1025 mari
1107 955 1345 1021 inconstantior.
1460 1017 1462 1022 .

247 1068 336 1134 Quae
358 1067 385 1130 11
406 1065 463 1130 ita
475 1070 559 1145 sunt,
582 1066 783 1132 vehementer
802 1089 905 1132 errare
926 1066 982 1130 isti
997 1065 1151 1153 videntur
1164 1068 1220 1152 qui
1241 1067 1348 1132 omnia

245 1201 323 1263 quae
338 1179 372 1243 in
394 1177 576 1262 linguarum
597 1177 779 1262 cognitione
800 1200 857 1263 per
878 1178 1143 1273 comparationem
1161 1179 1247 1244 factu
1261 1183 1346 1258 sunt,

245 1289 372 1374 perinde
380 1288 421 1358 ,111
434 1288 612 1356 fabularum
623 1288 840 1372 explanatione
849 1289 982 1354 eundem
995 1289 1167 1355 immodum
1178 1289 1245 1355 fieri
1258 1311 1347 1374 posse

249 1400 443 1466 existimant.
542 1463 545 1468 Α

290 1511 372 1576 ΧΠ.
404 1509 618 1576 Notissimum
661 1510 747 1576 anim
782 1517 834 1576 est
873 1535 928 1596 per
967 1511 1102 1576 eundem
1144 1511 1346 1596 comparandi

247 1643 366 1688 morem
387 1626 521 1710 quantos
543 1625 653 1692 nostra
674 1622 824 1688 memoria
846 1645 1030 1708 progressus
1051 1623 1345 1702 Grammaticorum,

247 1733 494 1816 Philologorum,
509 1732 780 1811 Anatomicorum,
795 1733 1059 1818 Physiologorum
1072 1733 1254 1818 disciplinae
1268 1733 1348 1798 fece-

247 1843 322 1908 rint.
339 1843 438 1926 Cujus
446 1841 573 1926 quidem
581 1841 722 1922 rationis,
733 1848 774 1914 ur
780 1843 819 1908 de
827 1867 860 1909 re
869 1845 1059 1909 subobscura
1065 1843 1202 1908 dilucide
1213 1843 1348 1922 dicatur,

248 1952 459 2039 aphilologis
475 1953 653 2037 exemplum
676 1958 865 2020 mutuemur.
911 1955 1035 2038 Nempe
1064 1955 1098 2018 in
1128 1953 1349 2039 antiquissimo

148 2145 150 2150 Ι
248 2063 303 2129 1111
340 2064 379 2130 de
408 2064 656 2133 Bacchanalibus
689 2070 815 2132 senatus
851 2066 995 2130 consulto
1023 2065 1153 2130 rariores
1182 2066 1349 2130 verborum

248 2175 363 2240 formas
386 2196 446 2239 usu
469 2175 577 2240 venire
599 2175 888 2266 animadvertimus,
907 2177 1049 2256 senatud‚
1069 2176 1138 2256 ead,
1160 2175 1349 2254 sententiad‚

249 2291 282 2350 et
311 2285 427 2350 similia
434 2311 444 2363 ;
477 2307 556 2368 quas
581 2285 708 2368 quidem
732 2291 853 2351 veteres
881 2288 963 2351 sexti
992 2310 1080 2354 casus
1110 2287 1226 2351 formas
1254 2286 1350 2350 fuisse

249 2397 346 2462 etiam
374 2418 393 2460 a
417 2395 633 2480 grammaticis
656 2396 874 2480 cognovimus.
920 2397 1143 2462 Quaerendum
1167 2419 1241 2462 vero
1265 2397 1350 2460 unde

250 2508 273 2570 d
299 2506 465 2591 adJectum.
510 2506 564 2571 Ad
593 2507 821 2573 Sanscriticum
844 2529 1019 2573 sermonem
1041 2507 1234 2592 respicimus,
1265 2508 1349 2592 apud

250 2639 342 2700 quem
366 2617 540 2682 ablativum
560 2618 733 2702 reperimus
757 2641 863 2684 casum
885 2619 922 2683 in
944 2619 1127 2699 tdesinere,
1150 2620 1270 2684 scilicet
1292 2642 1349 2704 pro

252 2727 376 2792 Latinis
390 2727 487 2804 me-d,
502 2728 580 2805 ted,
595 2733 673 2806 mat,
687 2734 758 2794 tvat
774 2729 962 2795 Senseritice
976 2731 1047 2796 diei
1088 2731 1251 2796 Praeterea
1265 2730 1349 2814 apud

253 2837 386 2902 Graecos
415 2837 533 2902 usitata
555 2838 611 2904 illa
636 2838 785 2904 adverbia
809 2847 916 2918 καλῶς,
940 2847 1033 2908 κακῶς
1056 2846 1217 2925 ceteraque
1239 2842 1348 2925 hujus.

251 2948 337 3014 modi
360 2948 442 3013 nihil
459 2948 548 3012 aliud
567 2971 664 3033 quum
683 2947 829 3032 reliquias
852 2949 934 3014 sexti
956 2972 1045 3014 casus
1066 2973 1132 3014 esse
1161 2950 1349 3034 colligimus.

251 3059 341 3122 Adeo
370 3080 410 3122 ex
435 3058 618 3142 linguarum
647 3061 878 3144 comparatione
915 3061 1022 3126 lumen
1053 3061 1229 3126 adhibetur.
1289 3060 1351 3124 Sed

253 3168 402 3253 quoniam
416 3168 494 3233 aliae
517 3170 601 3253 apud
617 3170 694 3234 alias
714 3177 825 3255 gentes
843 3171 963 3238 formae
983 3178 1123 3237 servatae
1138 3173 1213 3251 sint,
1228 3193 1352 3236 necesse

251 3281 343 3365 plane
372 3285 421 3344 111
451 3303 546 3364 quam
574 3279 780 3364 plurimarum
804 3281 985 3366 linguarum
1007 3282 1124 3346 formas
1152 3287 1226 3346 ante
1248 3283 1353 3346 oculos

253 3393 433 3472 habeamus,
471 3392 501 3456 si
542 3391 636 3459 modo
677 3392 754 3456 satis
791 3398 874 3458 certe
914 3393 1095 3476 hujusmodi
1130 3391 1353 3456 similitudines

254 3503 416 3568 observare
438 3504 594 3568 uolumus.
640 3504 685 3569 Et
704 3526 799 3587 quam
813 3504 918 3587 ampla
931 3501 1064 3568 materia
1078 3503 1118 3567 ad
1132 3502 1354 3586 inquirendum

253 3613 394 3698 suppetit
421 3614 610 3699 philologis!
658 3616 743 3679 Sunt
771 3615 856 3678 enim
884 3615 919 3678 in
944 3619 1094 3698 promptu
1118 3611 1262 3678 omnium
1290 3614 1354 3678 fere

254 3725 445 3790 Arianarum
473 3725 620 3810 gentium
648 3727 787 3810 linguae,
821 3747 943 3790 necnon
978 3725 1075 3790 etiarn
1111 3724 1355 3809 uniuscujusque

254 3835 384 3921 linguae
398 3843 475 3920 quot
496 3837 767 3919 varietatesque
786 3834 909 3899 diversa
927 3841 1029 3900 aetate
1049 3840 1262 3912 monumenta,
1278 3840 1356 3917 quot

254 3946 458 4012 dialectorum
474 3947 605 4031 speciesl
651 3945 714 4009 Sed
733 3946 767 4009 in
782 3946 980 4030 mythologia
994 3946 1090 4030 longe
1101 3944 1227 4009 videtur
1238 3957 1354 4008 seeusl’.

256 4057 432 4123 Nationum
447 4059 532 4123 enim
550 4079 625 4122 11111
643 4079 737 4141 quam
752 4079 921 4139 paucarum
936 4056 1060 4120 fabulae
1075 4059 1211 4119 exstant.
1257 4054 1355 4119 Grae-

288 4227 377 4276 vThis
396 4228 417 4276 is
434 4227 491 4276 well
516 4233 563 4290 put
579 4227 612 4290 by
631 4226 723 4281 Pictet,
743 4223 809 4274 ‘Las
828 4224 943 4288 Origines
962 4224 1236 4287 Indo-Europeenneu'
1254 4223 1302 4274 rol.
1331 4226 1356 4276 ii.

257 4325 281 4375 p.
292 4308 342 4359 688
352 4308 403 4360 aad
413 4308 549 4372 following.
