3314 4938
266 275 271 286 ¹
302 294 347 377 tt
566 289 760 379 Qooeaosm
784 288 832 364 sit
857 286 1132 387 Mytbolopiooe

300 490 381 556 nihil
404 487 563 555 morando.
609 487 782 572 Paullisper
804 510 876 552 vero
900 488 934 552 in
955 488 1006 552 his
1032 485 1205 570 disciplinis
1229 483 1399 550 modestior

301 599 453 666 sobrietas
467 599 597 677 evaluit,
612 598 794 682 fructusque
816 599 916 682 major
930 597 1032 662 indies
1046 597 1287 682 percipiebatur.
1332 596 1397 658 Ex·

300 711 374 778 inde
389 709 509 775 sedicet
523 708 721 793 quaestiones
735 708 960 792 grammaticae
975 731 1039 772 non
1053 707 1188 791 amplius
1204 705 1398 789 conjecturae

301 819 535 905 opinationique
559 818 709 883 obnoxiae
731 824 831 897 erant,
854 819 908 884 sed
931 818 1113 884 certissimis
1133 815 1281 882 scientiae
1301 814 1397 879 ratio-

187 1009 189 1013 ,
300 931 395 996 nibus
418 930 647 1014 dirigebantur.
692 929 841 1013 Adeoque
868 929 1015 994 omnibus
1040 933 1154 992 notum
1182 932 1240 1004 est,
1264 931 1398 1009 quantos

299 1063 482 1127 progressus
502 1041 580 1106 haec
598 1061 681 1105 nova
699 1039 908 1123 grammatica
926 1039 1045 1118 fecerit,
1062 1044 1100 1103 ut
1118 1037 1254 1122 longiori
1276 1035 1397 1120 exposi-

300 1151 382 1216 tioni
396 1151 660 1235 supersedendum
674 1149 827 1214 videatur.
871 1149 972 1214 Quale
989 1155 1097 1216 tamen
1116 1147 1269 1212 auxilium
1288 1147 1398 1210 literae

302 1258 509 1328 Sanscriticae
538 1260 737 1345 philologieis
760 1259 874 1324 studiis
896 1259 1073 1337 attulerint,
1096 1258 1213 1342 optime
1235 1256 1398 1341 apparebit

301 1371 398 1455 siquis
427 1371 562 1455 exempli
598 1371 727 1455 gratiad
757 1369 968 1435 conditionem
1004 1368 1224 1434 Plautinorum
1257 1389 1321 1431 non
1351 1358 1398 1432 ita

300 1480 422 1565 pridem
431 1487 612 1565 poematum
626 1481 805 1564 respexerit.
837 1481 939 1544 Erant
953 1502 1027 1546 sane
1042 1479 1162 1545 codices
1177 1477 1398 1561 manuscripti

299 1613 364 1660 non
386 1592 489 1674 pauci,
510 1597 612 1656 aetate
641 1597 746 1656 autem
771 1590 918 1654 mediocri
946 1596 1040 1674 atque
1068 1611 1176 1654 omnes
1197 1588 1335 1673 ejusdem
1360 1594 1399 1660 ut

204 1685 213 1696 „
299 1700 391 1769 aiunt
409 1701 556 1767 familiae.
601 1702 652 1764 Ex
672 1723 804 1785 quorum
826 1700 1034 1785 discrepantia
1057 1699 1134 1764 satis
1158 1699 1298 1783 liquebat
1321 1720 1399 1784 opus

300 1835 366 1878 esse
380 1812 544 1877 doctorum
566 1834 658 1896 opera
680 1817 718 1875 ut
740 1833 890 1896 germana
912 1811 1018 1876 Plauti
1040 1809 1256 1876 restitueretur
1274 1831 1399 1886 manus,

299 1945 412 2007 parum
431 1926 540 1988 tamen
560 1921 757 1986 auctoritatis
779 1945 854 2005 prae
874 1944 906 1986 se
921 1922 1062 1988 ferebant
1082 1920 1280 1984 membranae
1302 1941 1398 2002 quam

299 2038 337 2096 ut
351 2032 421 2116 quis
436 2031 524 2096 adid
538 2055 616 2115 opus
631 2054 663 2095 se
683 2031 871 2115 accingeret.
917 2033 994 2095 Post
1008 2054 1081 2096 vero
1096 2029 1298 2094 Ambrosiani
1312 2029 1397 2093 illius

298 2135 495 2225 palimpsesti
516 2141 732 2205 inventionem
754 2164 811 2224 pro
835 2141 972 2206 tenebris
994 2141 1050 2204 lux
1071 2141 1169 2218 adest,
1192 2163 1249 2224 pro
1271 2139 1396 2202 dubita-

299 2251 386 2318 tione
414 2251 537 2316 fiducia.
582 2252 679 2316 Nunc
709 2252 820 2316 melius
850 2251 977 2316 omnino
1001 2252 1151 2314 Plautum
1176 2248 1396 2332 intelligimus

299 2361 488 2446 propiusque
512 2361 553 2426 ad
576 2361 743 2446 pristinam
765 2363 952 2446 scripturam
977 2361 1152 2427 accedimus
1163 2386 1173 2438 3
1199 2361 1267 2445 jam
1293 2358 1397 2442 siquid

299 2471 333 2533 in
348 2470 419 2534 aliis
434 2471 592 2540 codicibus
606 2473 732 2536 confuse
746 2472 876 2556 legitur,
888 2473 1143 2555 ex'palimpsesto
1155 2470 1269 2554 corrigi
1281 2475 1397 2553 potest,

300 2580 351 2643 vel
373 2602 413 2643 ex
434 2580 498 2643 illis
519 2581 619 2664 ipsius
641 2582 836 2670 palimpsesti
858 2582 966 2665 culpas
987 2581 1028 2644 ad
1050 2603 1192 2644 normam
1206 2579 1395 2664 redigemus.

300 2689 491 2772 Hujusmodi
513 2689 576 2754 fere
598 2713 689 2775 opem
712 2692 753 2754 ad
775 2696 946 2755 ceterarum
967 2690 1151 2774 linguarum
1173 2689 1335 2754 scientiam
1358 2712 1399 2764 err

299 2797 411 2864 Indiae
436 2799 596 2870 ueteribus
619 2801 832 2866 monumentis
857 2800 1012 2885 philologi
1042 2805 1248 2884 aeceperunt:
1280 2805 1397 2864 ceteras

296 2905 382 2976 enim
410 2907 538 2992 linguas
569 2911 759 2976 Sanscritica
787 2911 898 2976 multis
924 2910 1025 2974 modis
1051 2909 1209 2985 antecedit
1216 2934 1226 2986 3
1257 2909 1395 2992 primum

297 3016 427 3100 egregia
448 3019 638 3084 Vedicorum
666 3022 819 3086 librorum
842 3019 1043 3106 antiquitate,
1066 3024 1137 3084 tum
1159 3018 1297 3084 mirabili
1323 3019 1398 3094 lite·¹

296 3148 403 3188 rarum
421 3129 604 3209 praesertim
621 3130 863 3194 consonantium
884 3153 1013 3194 numero
1033 3129 1248 3208 avariciae,
1268 3129 1395 3194 demum

296 3235 472 3308 incredibili
496 3239 630 3321 quadam
656 3239 700 3304 rei
726 3240 949 3324 grammaticae
975 3240 1161 3318 subtilitate,
1183 3240 1395 3320 volubilitate,¹

297 3345 394 3428 copia.
453 3347 603 3432 Adeoque
621 3373 685 3414 non
705 3351 807 3414 solum
827 3351 868 3416 ad
888 3374 954 3414 rem
977 3350 1218 3434 grammaticam
1240 3352 1393 3437 etymolo-

295 3455 460 3540 gicamque
490 3481 600 3522 verum
629 3459 726 3523 etiam
756 3459 796 3524 ad
825 3460 1007 3544 disciplinas
1038 3460 1203 3526 historicas
1231 3462 1393 3528 literarum

296 3564 479 3630 Indicarum
502 3569 637 3632 contulit
659 3571 860 3653 comparatio,
884 3576 921 3634 ut
948 3571 1091 3634 nonnulli
1112 3572 1181 3656 jam
1210 3573 1274 3638 illis
1304 3574 1397 3657 quasi.

294 3675 481 3757 panchresto
512 3678 646 3760 quodam
676 3680 903 3744 medicamento
932 3681 981 3744 uti
1012 3681 1092 3744 velle
1123 3682 1299 3763 videantur,
1331 3708 1392 3768 quo

295 3806 402 3860 omnes
418 3787 723 3874 cujusmodicumque
738 3791 934 3874 quaestiones
949 3791 1123 3866 absolvant.

338 3895 398 3958 VI.
422 3897 563 3961 Eandem
575 3899 675 3982 igitur
686 3900 839 3964 rationem
854 3901 887 3962 in
898 3900 1013 3996 fabulis
1022 3902 1225 3984 explanandis
1241 3911 1393 3990 usurpant

288 4005 355 4086 jam
385 4007 483 4090 vulgo
513 4009 700 4092 mythologi.
732 4010 1023 4073 *Animadvertunt
1051 4034 1161 4096 nempe
1191 4037 1285 4098 quam
1315 4017 1393 4080 mira

331 4169 346 4206 d
358 4147 418 4216 This
430 4169 583 4218 illustration
595 4171 609 4219 1
621 4171 717 4220 borrow
729 4171 792 4220 from
805 4171 843 4220 M.
856 4169 952 4220 Breal's
964 4173 1078 4234 Lectum,
1093 4175 1146 4224 ‘De
1158 4177 1183 4224 la
1195 4179 1310 4230 Methode
1328 4198 1393 4230 com·

292 4251 404 4316 parative
416 4251 549 4314 appliquee
561 4253 576 4299 a
589 4253 681 4300 l'rtude
694 4253 736 4300 des
749 4252 869 4314 langues.¹
904 4253 982 4313 Paris,
998 4254 1067 4303 1865.
