3314 4938
289 359 351 426 012
561 349 756 441 Quaenam
780 348 827 424 sit
852 346 1127 447 Mytholoqicoe

303 550 469 635 perlegant
483 547 612 614 omnino
624 535 738 612 harum
752 547 972 633 quaestionum
984 546 1126 612 studiosi.
1165 546 1218 610 Ad
1233 560 1405 612 summamr

303 667 421 739 tamen,
448 660 475 724 si
502 660 624 724 Stoicos
648 682 816 744 eorumque
842 659 1062 744 astipulatores
1087 657 1253 741 exceperis,
1280 658 1406 723 videtur

304 771 389 855 apud
416 775 537 836 veteres
571 770 721 836 historica
754 771 858 855 magis
893 793 989 854 quam
1020 767 1188 853 allegorica
1222 769 1405 853 mythorum

304 881 523 966 interpretatio
548 882 716 960 evaluisse;
754 882 838 966 apud
861 879 1045 946 recentiores
1077 883 1183 943 autem
1206 902 1321 963 paucos
1350 881 1405 964 qui

303 992 479 1071 historiam,
512 993 617 1076 plures
652 993 707 1077 qui
739 991 921 1076 allegoricas
949 989 1052 1054 nescio
1082 1013 1160 1074 quas
1195 991 1338 1074 argutias
1367 1013 1406 1056 ex

304 1102 502 1187 mythologie
543 1103 680 1181 eliciant,
717 1102 898 1186 reperimus.
959 1100 1150 1165 Omittimus
1191 1101 1404 1181 Alberioum',

303 1214 455 1278 Natalem
478 1213 662 1291 comitem,
685 1213 900 1298 Dupuisiumu
924 1217 1018 1296 atquc
1042 1211 1129 1290 alios,
1152 1210 1207 1295 qui
1229 1213 1405 1296 allegoricis

303 1323 434 1408 ineptiis
449 1324 621 1388 maximam
631 1347 758 1408 operam
769 1323 932 1401 dederunt,
942 1322 1120 1387 omittimus
1132 1321 1229 1386 etiam
1239 1323 1403 1402 Tollium',

304 1433 359 1518 qui
394 1434 429 1496 in
456 1433 536 1499 libro
566 1457 622 1498 suo
651 1433 788 1499 mirabili
819 1434 947 1499 deorum
977 1432 1118 1498 omnium
1147 1439 1180 1497 et
1209 1433 1337 1518 nomina
1372 1439 1405 1498 et

304 1548 450 1608 naturam
469 1543 504 1607 in
524 1544 656 1610 Chemia
675 1544 829 1609 contineri
848 1543 995 1609 ostendit.
1043 1544 1105 1608 Sed
1122 1545 1284 1608 Baconum
1302 1544 1405 1628 magis

303 1653 453 1734 admirari
475 1655 558 1733 licet,
581 1656 636 1739 qui
659 1678 785 1720 omnem
809 1678 898 1720 suam
924 1659 957 1719 et
976 1654 1131 1719 scribendi
1157 1654 1348 1739 elegantiam
1372 1659 1405 1718 et

303 1765 426 1849 ingenii
450 1765 586 1848 leporem
610 1765 651 1829 ad
674 1764 856 1849 allegoricas
877 1788 980 1850 nugas
1009 1765 1190 1830 contulerit.
1235 1766 1347 1848 Neque
1371 1763 1405 1827 id

303 1875 432 1960 quidem
446 1875 595 1939 affirmari
609 1880 723 1960 potest,
735 1876 928 1960 pulchellum
942 1878 1008 1962 ejus
1023 1876 1061 1941 de
1077 1876 1240 1960 Sapientia
1249 1861 1404 1939 Veterum

304 1987 422 2050 librum
451 1985 550 2050 animi
576 1987 677 2050 solum
703 1987 937 2072 voluptatisque
966 2010 1059 2052 causa
1087 1986 1300 2070 conscriptum
1328 2007 1405 2051 esse.

304 2096 409 2160 Immo
445 2100 569 2160 constat
600 2096 706 2160 virum
741 2097 1007 2182 sapientissimum
1041 2119 1225 2181 persuasum
1258 2096 1404 2161 habuisse

303 2206 536 2292 mythologiam
551 2229 589 2270 ex
603 2208 770 2272 veterrimo
789 2207 924 2292 quodam
946 2213 1086 2292 tempore
1104 2207 1290 2286 manavisse,
1306 2230 1404 2291 quum

304 2317 438 2382 Graecia
454 2316 549 2401 longe
569 2322 643 2382 ante
661 2318 825 2382 hominum
848 2319 1031 2383 memoriam
1051 2317 1197 2382 omnibus
1220 2318 1340 2382 artibus
1355 2318 1404 2382 uti
1470 2319 1472 2322 ’

303 2433 412 2512 postea
424 2450 587 2512 nunquam
601 2429 742 2494 floruerit
749 2455 759 2508 ,·
783 2429 864 2494 hanc
879 2453 952 2494 vero
971 2452 1095 2493 auream
1112 2433 1247 2493 aetatem
1262 2428 1317 2492 diu
1332 2433 1405 2492 ante

303 2544 416 2603 natum
434 2539 612 2604 Homerum
627 2539 783 2604 oblivione
801 2539 928 2623 penitus
947 2539 1102 2603 obrutam.
1149 2539 1211 2603 Sed
1227 2539 1406 2623 philosophi

303 2649 411 2714 eximii
431 2649 508 2712 dum
530 2648 774 2732 perstringimus
796 2671 923 2728 errores,
942 2672 981 2714 ne
1003 2649 1065 2733 ipsi
1087 2649 1212 2734 culpam
1234 2650 1288 2714 sed
1309 2650 1406 2715 aetati

304 2761 371 2844 ejus
393 2755 597 2843 imputemus,
619 2758 877 2844 gratulemurque
900 2760 990 2825 nobis
1014 2760 1185 2840 fortunam,
1208 2762 1262 2846 qui
1285 2763 1405 2827 saniore

303 2869 500 2955 philosophia
513 2869 669 2954 imprimis
684 2871 724 2956 ab
739 2870 807 2955 ipso
821 2871 971 2936 instructi
986 2871 1065 2936 tales
1080 2872 1272 2937 somniorum
1287 2872 1404 2936 similes

302 2981 438 3066 ineptias
453 2981 721 3046 edormiuerimus.

347 3093 461 3156 Restat
482 3097 588 3156 autem
610 3114 649 3156 ex
671 3092 730 3156 hcc
754 3114 867 3176 genere
890 3093 1146 3178 mythologorum
1175 3115 1275 3157 unum
1304 3093 1406 3158 adhuc

303 3203 396 3288 idque
419 3202 543 3286 insigne
566 3213 710 3280 nomen¹,
737 3225 798 3286 quo
824 3203 961 3268 breviter
986 3204 1171 3270 recensendo
1192 3205 1277 3269 hunc
1300 3209 1405 3283 totum

336 3433 346 3458 r
362 3425 416 3474 The
427 3426 524 3491 history
535 3427 564 3475 of
571 3427 614 3475 the
626 3426 769 3492 allsgorical
780 3426 870 3490 theory
880 3425 907 3474 in
923 3425 1024 3474 ancient
1041 3425 1114 3474 times
1131 3425 1152 3472 is
1163 3424 1262 3488 worthy
1274 3425 1300 3472 oi
1309 3440 1325 3473 a
1335 3439 1404 3474 more

303 3507 386 3570 ample
394 3512 539 3556 treatment.

336 3597 346 3622 ⁸
362 3589 504 3644 Albericus
516 3589 676 3652 ‘Allegoriae
687 3589 814 3647 Poeticae,
824 3605 868 3638 seu
880 3589 911 3637 de
923 3587 1029 3638 veritate
1041 3603 1070 3636 ac
1081 3587 1236 3652 expositione
1248 3589 1403 3652 poeticarum

302 3669 445 3718 fabularum
457 3671 516 3719 libri
528 3673 651 3735 quatuor!
684 3671 763 3730 Paris,
780 3683 850 3733 1520.

336 3755 345 3785 ⁶
364 3752 479 3802 ‘Natalis
491 3753 596 3804 Comitis
608 3753 790 3818 Mythologiae,
803 3755 856 3802 sive
868 3753 1064 3816 explicationum
1075 3751 1217 3800 fabularum
1228 3751 1286 3800 libri
1301 3751 1405 3800 decem!

305 3833 410 3894 Venice,
427 3834 497 3898 1567.
758 3845 784 3886 ,¹¹
801 3835 908 3899 Dupuis‚
922 3834 1037 3898 ‘Origine
1049 3834 1080 3882 de
1092 3843 1150 3882 tous
1161 3833 1197 3882 les
1209 3834 1313 3882 cultas:

338 3926 348 3948 v
363 3916 466 3978 Tollius,
486 3917 621 3966 ‘Fortuita
639 3917 749 3976 critica)
766 3917 1029 3977 Arnsterdam,1687;
1046 3931 1086 3964 see
1100 3915 1140 3964 oh.
1154 3931 1177 3963 v.
1210 3915 1274 3963 Also
1290 3913 1404 3974 Preface,

222 4001 224 4006 '
303 3999 385 4047 where
397 3998 429 4047 he
440 4015 504 4063 says,
518 3999 639 4063 ‘Explica
650 3999 691 4048 vel
702 3999 806 4048 ostendo
818 3999 930 4047 Deorum
939 3997 1050 4046 omnium
1061 3997 1139 4045 ferme
1150 3997 1178 4044 in
1185 3997 1290 4046 Chemia
1302 4011 1404 4045 nomen·

302 4080 440 4137 claturam3
458 4077 564 4128 exhibeo
583 4079 704 4143 originem
725 4083 752 4127 et
772 4094 872 4127 causam
891 4077 1071 4126 attributorum
1091 4080 1117 4125 et
1135 4077 1216 4126 multo
1236 4077 1313 4126 etiam
1330 4076 1404 4140 plura

303 4164 404 4208 tantum
414 4159 498 4209 indico
509 4160 610 4224 proprio
622 4161 722 4224 ingenio
734 4157 906 4208 enucleanda!
1221 4219 1225 4226 .

336 4253 347 4276 ¹
365 4242 479 4290 Oreuzer.
513 4241 563 4290 His
581 4241 658 4300 work,
671 4241 715 4289 the
733 4240 894 4306 'Symbolih'
912 4241 933 4290 is
950 4241 1071 4290 rendered
1088 4256 1157 4289 more
1173 4240 1297 4290 available
1314 4240 1348 4303 by
1359 4239 1403 4289 the

304 4323 402 4372 French
413 4323 507 4372 edition
520 4323 548 4372 ol
556 4323 594 4372 M.
608 4323 756 4387 Guigniaut,
769 4323 848 4381 Paris,
865 4323 968 4387 1825—9.
