3314 4938
456 389 568 470 quant
593 381 724 444 coccos
749 367 936 443 Scieatioc
965 366 1141 443 utilitas?
1303 363 1365 437 11·

251 579 310 655 que
332 575 440 634 auctor
460 569 511 634 his
528 570 619 635 novis
637 570 830 654 temporibus
850 591 962 654 parum
982 573 1188 633 consentanea
1207 565 1350 633 exhibere

250 681 418 746 videretur.
479 680 678 765 Quapropter
715 685 838 744 mutato
873 679 919 743 ita
959 684 1137 763 temporum
1175 679 1278 743 colore
1316 680 1351 743 in

253 793 430 856 Homerum
458 779 655 856 acerbissime
689 790 918 854 invehebantur
950 789 1149 854 Heraclitus¹
1175 795 1208 854 et
1244 787 1350 854 Xeno-

252 903 372 986 phanes
386 901 469 985 quod
486 900 583 986 impie
600 901 639 965 de
660 906 774 964 natura
795 900 925 964 deorum
944 899 1150 965 disseruisset.
1196 901 1263 964 Alii
1278 924 1351 966 vero

252 1012 401 1078 nolebant
415 1012 536 1076 credere
550 1011 785 1076 sanctissimum
799 1016 906 1075 vatem
924 1032 1030 1076 revera
1044 1010 1078 1074 id
1091 1011 1192 1075 dicere
1206 1012 1351 1092 voluisse,

252 1122 371 1188 scilicet
392 1128 551 1186 exsectum
577 1122 707 1186 Coelum
730 1144 749 1185 a
771 1121 835 1184 filio
860 1121 1006 1199 Saturno,
1029 1121 1232 1206 vinctumque
1256 1123 1353 1187 etiam

253 1256 272 1297 a
297 1233 363 1297 filio
389 1234 467 1298 Jove
492 1233 675 1297 Saturnum.
717 1232 822 1298 Quam
847 1231 1045 1316 impietatem
1070 1231 1110 1295 ab
1135 1232 1274 1297 Homero
1297 1233 1352 1297 ab·

248 1343 388 1428 judicare
410 1343 555 1408 tentabat
580 1342 737 1427 imprimis
760 1343 940 1427 Theogenes
965 1341 1142 1426 Rheginus,
1168 1365 1242 1408 mox
1270 1344 1353 1408 idem

254 1455 375 1538 experti
410 1454 626 1538 Anaxagoras,
659 1452 870 1530 Metrodorus,
905 1453 1142 1532 Stesimbrotus,
1177 1453 1268 1533 aliiffl,
1298 1457 1354 1539 qui

254 1587 362 1640 omnes
384 1564 537 1628 occultam
563 1565 679 1648 ubique
705 1563 895 1628 sententiam
916 1562 1000 1646 apud
1023 1563 1191 1628 veterrima
1209 1572 1355 1649 poemata

255 1674 474 1754 odorabantur,
500 1675 648 1759 nullaque
676 1674 828 1758 pristinae
858 1673 1071 1757 simplicitatis
1097 1675 1206 1739 habita
1234 1677 1355 1742 ratione

254 1777 489 1880 antiquissimos
504 1790 591 1849 vates
611 1786 652 1849 ad
671 1808 752 1849 nova
772 1789 914 1869 tempora
928 1785 1160 1850 accommodare
1175 1785 1353 1850 studebant.

255 1896 391 1960 Constat
407 1901 490 1960 certe
508 1917 547 1960 ex
569 1895 717 1960 Platone¹¹
740 1918 776 1959 ac
798 1896 1026 1979 Xenophonte⁰
1049 1896 1166 1960 hancce
1188 1901 1354 1960 consuetu-

254 2005 362 2069 dinem
388 1997 615 2090 interpretandi
636 2006 704 2090 jam
731 2011 805 2070 ante
830 2005 968 2070 Socratis
993 2010 1130 2070 aetatem
1156 2006 1355 2091 aliquantum

254 2116 484 2200 percrebuisse:
506 2116 633 2181 videtur
647 2120 753 2182 autem
768 2115 910 2180 Platonis
928 2115 1094 2180 notissima
1108 2116 1163 2180 illa
1177 2116 1355 2181 fabularum

257 2227 497 2292 Homericamm
518 2227 715 2311 reprehensio
737 2228 901 2312 praecipue
923 2227 959 2290 in
980 2250 1073 2292 causa
1092 2227 1188 2292 fuisse
1205 2250 1261 2293 our
1281 2229 1355 2292 alle-

256 2331 363 2421 gorica
381 2337 477 2401 latius
497 2337 683 2402 evalesceret
700 2336 790 2401 ratio.
836 2338 880 2401 Et
902 2337 1041 2421 primum
1062 2337 1189 2421 quidem
1203 2337 1256 2402 hic
1270 2338 1356 2402 locus

255 2473 274 2514 a
298 2449 415 2515 Stoicis
443 2455 612 2534 usurpatus
638 2471 711 2513 mox
735 2447 869 2512 Zenonis
892 2453 963 2512 tum
982 2447 1108 2512 uberius
1133 2447 1295 2513 Cleanthis
1325 2454 1358 2512 et

256 2559 428 2644 Chrysippi
453 2559 686 2625 commentariis
712 2557 935 2644 explicabatur.
982 2558 1012 2620 Ii
1036 2558 1132 2636 enim,
1154 2557 1285 2642 physica
1307 2559 1357 2622 usi

255 2663 387 2746 ratione,
403 2670 529 2733 aethera
551 2692 616 2734 esse
638 2692 711 2734 eum
733 2692 827 2753 quem
852 2669 1046 2753 appellarent
1067 2668 1210 2733 homines
1233 2669 1357 2748 Jovem,

257 2787 462 2871 Cereremque
484 2787 630 2853 tellurem
646 2788 761 2866 vocari,
779 2793 812 2852 et
834 2787 950 2852 similia
971 2789 1010 2852 de
1032 2788 1142 2853 ceteris
1163 2789 1358 2868 numinibus,

257 2897 296 2962 ad
326 2897 560 2983 physiologiam
596 2897 702 2962 omnia
735 2896 944 2975 traducentes,
974 2896 1176 2962 disserebant.
1236 2899 1359 2992 Deinde

257 3008 366 3072 eadem
388 3007 500 3073 erroris
526 3008 674 3094 contagio
698 3007 739 3072 ad
763 3007 988 3093 grammaticos
1007 3008 1140 3073 Homeri
1162 3009 1359 3096 interpretes,
1475 3065 1484 3084 ,

257 3119 478 3183 Aristarchum
515 3126 548 3185 et
594 3122 755 3186 Cratetem
792 3142 960 3204 eorumque
990 3121 1159 3206 discipulos
1198 3127 1358 3205 manavit;

256 3231 345 3315 eujus
359 3251 460 3314 neque
478 3230 635 3295 Platonici
650 3231 698 3294 illi
713 3254 791 3315 quos
805 3236 921 3295 vocant
935 3231 1032 3310 Novi,
1048 3233 1203 3313 Plotinus,
1218 3235 1358 3315 Proclus,

256 3340 459 3425 Porphyrius,
485 3363 585 3426 neque
613 3341 816 3425 grammatici
842 3341 951 3405 Latini
976 3343 1157 3407 recentioris
1180 3346 1261 3423 aevi,
1284 3349 1359 3410 Ful·

257 3450 385 3534 gentius
399 3451 566 3536 ceterique,
581 3458 723 3537 expertes
737 3451 937 3516 exstiterunt.
975 3453 1078 3518 Quem
1090 3476 1163 3518 vero
1178 3455 1218 3518 ad
1232 3458 1361 3521 modum

259 3559 297 3623 dc
320 3560 436 3624 fabulis
460 3562 640 3637 Homericis
662 3562 823 3646 disputare
847 3563 982 3627 solerent
1005 3564 1115 3643 Stoici,
1135 3565 1360 3632 documentum

260 3668 387 3754 insigne
413 3676 553 3755 praestat
581 3677 614 3736 et
643 3672 723 3736 liber
751 3671 804 3736 ille
833 3672 872 3735 de
894 3673 1067 3757 Allegoriis
1098 3675 1276 3742 Homericis
1306 3679 1360 3762 qui

261 3780 424 3846 Heraclidi
440 3782 591 3847 PonticoP
606 3781 769 3860 tribuitur,
784 3787 817 3846 et
832 3781 1005 3866 disputatio
1025 3785 1063 3849 de
1079 3785 1204 3850 Natura
1221 3787 1360 3852 Deorum

258 3913 277 3953 a
297 3891 458 3958 nomam
473 3893 527 3957 illo
546 3893 646 3958 Persii
666 3897 775 3978 poetae
796 3883 950 3978 magistro
971 3895 1089 3961 Graece
1109 3898 1244 3981 scripta;
1267 3919 1361 3980 quam

292 4031 299 4064 ¹
322 4034 368 4082 See
380 4036 423 4084 the
434 4036 585 4100 Fragments
597 4036 625 4085 of
633 4035 779 4085 Heraclitus
790 4036 840 4084 and
852 4035 881 4084 of
888 4035 1057 4102 Xenophanes
1068 4041 1167 4103 passim.

292 4123 310 4146 ¹¹¹
322 4114 370 4163 Sco
380 4117 459 4173 Wolf,
471 4117 570 4181 Prolsg.
584 4118 668 4166 xxxvi.
686 4116 740 4176 164,
752 4116 802 4164 and
814 4116 947 4182 following.

292 4205 303 4228 ¹¹
322 4197 403 4254 Plato,
416 4197 514 4246 Phaedr.
527 4199 612 4262 229H.
962 4211 974 4235 ⁰
991 4202 1141 4268 Xenophon,
1156 4202 1241 4268 Symp.
1253 4203 1287 4253 iii.
1302 4201 1327 4250 6.

293 4286 306 4318 Ρ
321 4276 369 4327 See
381 4277 505 4330 sehswss
515 4279 609 4328 edition
621 4279 650 4328 of
658 4279 813 4344 Heraclides,
827 4301 851 4348 p.
866 4295 920 4344 ²25·

293 4368 305 4399 ἱ
322 4359 373 4408 For
384 4358 520 4423 Cornutus,
531 4373 573 4408 see
584 4360 669 4410 Gale's
680 4366 687 4387 ⁸
698 4359 826 4423 Opusoula
837 4364 1028 4431 Mythologica.¹

781 4467 843 4521 02
