3314 4938
306 335 367 404 .1o
580 329 774 420 Quaenam
799 331 846 407 sit
875 331 1151 432 Mptlrolopr'coa

319 550 379 612 que
399 551 437 593 ex
454 550 487 592 re
507 547 581 592 vera
600 529 765 594 affirmarit
782 553 848 596 esse
868 533 1059 598 conflatam?
1095 533 1188 597 Nihil
1206 531 1310 617 magis
1324 538 1422 598 teme-

318 637 447 704 rarium.
478 636 560 700 Fieri
573 643 655 701 certe
666 643 771 722 potest
781 644 819 703 ut
830 661 902 724 pars
913 641 956 706 sit
966 664 1039 706 vera
1046 668 1056 720 ;
1072 647 1177 726 potest
1187 642 1282 706 etiam
1293 647 1331 706 ut
1340 642 1419 706 falsa

220 763 222 767 '
319 746 385 811 sint
394 744 518 810 omnia:
540 745 610 828 quis
621 751 726 810 autem
732 747 913 831 judicabit?
935 751 1022 814 Nam
1034 756 1070 815 ut
1080 751 1286 816 concedamus
1296 751 1420 816 fabulae

319 858 456 942 cuipiam
480 856 609 921 nomina
629 855 729 920 inesse
752 857 891 922 locorum
919 859 1143 944 hominumque
1172 860 1420 940 notissimorum,

319 973 418 1038 tresta
444 975 553 1033 tamen
577 968 790 1033 controversia
801 995 811 1046 3
835 992 933 1053 quum
954 976 1150 1055 compertum
1174 971 1217 1035 sit
1235 972 1418 1056 mythorum

319 1080 500 1148 recitatores
516 1077 638 1162 saepius
657 1078 874 1148 oblectationis
894 1102 988 1145 causa
1005 1081 1136 1146 nomina
1156 1082 1371 1146 illustrissima
1384 1081 1418 1144 in

319 1191 459 1258 earmina
473 1213 530 1254 sua
543 1189 752 1253 transtulisse.
796 1190 953 1255 Attilaml
969 1215 1082 1276 nempe
1100 1197 1225 1257 constat
1239 1192 1273 1256 in
1288 1193 1418 1277 antiquo

318 1301 373 1366 illo
401 1302 631 1367 Germanorum
657 1299 743 1384 epico
768 1307 910 1385 poemate
934 1303 1094 1387 appellari,
1116 1303 1281 1387 Oarolique
1302 1303 1419 1387 Magni

320 1435 435 1477 nomen
461 1411 742 1476 innumerabilibus
771 1417 934 1495 poetarum
965 1413 1151 1477 commentis
1181 1414 1417 1478 circumfusum.

319 1523 433 1609 Itaque
448 1523 475 1588 si
491 1523 619 1588 debello
631 1523 765 1608 Trojano
775 1524 821 1607 (in
835 1547 901 1608 quo¹
913 1524 989 1608 quid
999 1547 1063 1589 non
1071 1531 1275 1610 reppererunt
1289 1527 1417 1610 mytho-

318 1634 386 1719 logi
395 1635 422 1718 l)
437 1638 614 1718 quaeratur,
637 1656 678 1697 an
700 1657 733 1698 re
748 1656 822 1698 vera
844 1640 970 1718 gestum
993 1636 1099 1715 fuerit,
1122 1637 1232 1700 eodem
1254 1637 1347 1700 modo
1369 1659 1416 1700 re·

318 1744 537 1830 spondendum
560 1744 748 1829 judicamus
795 1745 928 1810 Constat
965 1747 1078 1810 saltem
1106 1747 1242 1812 colonias
1271 1747 1417 1825 Aeolum,

319 1856 463 1933 Dorium,
476 1855 602 1933 Ionum,
621 1876 660 1918 ex
682 1855 858 1919 continenti
881 1856 1013 1920 Graecia
1034 1857 1069 1920 in
1090 1858 1185 1922 Asiae
1207 1880 1276 1922 oras
1298 1857 1416 1940 migra-

318 1967 419 2044 visse-3
442 1989 521 2050 quos
535 1965 618 2030 inter
634 1971 666 2029 et
680 1965 847 2049 indigenas
862 1973 1007 2031 exortum
1021 1968 1140 2032 bellum
1155 1991 1221 2032 esse
1235 1968 1301 2032 veri
1317 1966 1415 2032 simil·

318 2077 431 2142 limum
453 2076 597 2154 videtur3
621 2075 688 2141 fieri
703 2075 799 2140 etiam
814 2081 920 2160 potest
934 2082 972 2140 ut
986 2079 1247 2162 Agamemnonis,
1266 2077 1416 2155 Menelai,

317 2187 446 2266 Priami,
472 2187 674 2270 reliquorum,
700 2209 766 2250 uon
787 2187 916 2251 omnino
939 2187 1160 2252 commenticia
1187 2189 1252 2252 sint
1276 2188 1415 2253 nomina.

316 2299 364 2378 Ea
379 2302 486 2362 autem
507 2303 622 2361 natura
644 2296 690 2360 rei
716 2301 775 2375 est,
790 2302 827 2360 ut
850 2319 951 2382 neque
973 2299 1127 2363 affirmare
1150 2299 1321 2384 quidquam
1343 2303 1415 2362 tuto

315 2409 416 2493 possis
431 2430 531 2492 neque
551 2429 676 2492 negare.
722 2407 850 2472 Ceteras
875 2407 1075 2473 difficultates
1095 2408 1272 2474 omittimus
1281 2434 1291 2487 3
1313 2430 1414 2492 neque

313 2519 349 2584 in
364 2541 401 2583 eo
416 2519 630 2596 immoramur,
647 2517 731 2601 quod
752 2517 898 2600 vulgaria
918 2519 1102 2602 plerumque
1124 2524 1157 2582 et
1171 2541 1297 2602 prorsus
1314 2518 1413 2582 insul·

314 2628 438 2693 sissima
453 2627 620 2692 videantur
635 2649 672 2691 ea
686 2649 764 2710 quae
778 2633 851 2710 post
865 2627 1156 2712 interpretationem
1175 2629 1413 2694 Euhemericam

313 2739 347 2802 in
378 2738 493 2803 fabulis
522 2738 646 2802 residua
674 2736 760 2802 sint:
796 2742 834 2800 ut
862 2738 955 2821 plane
985 2738 1027 2802 sit
1048 2738 1229 2804 incredibile
1259 2762 1307 2804 res
1336 2739 1413 2804 adeo

314 2849 446 2914 usitatas
477 2854 510 2913 et
538 2870 636 2932 paene
665 2847 863 2931 quotidianas
893 2849 1109 2934 mythologiae
1133 2850 1299 2934 fingendae
1326 2871 1412 2914 occa-

313 2962 431 3026 sionem
453 2959 642 3044 praebuisse.
686 2959 726 3022 Id
752 2958 853 3023 solum
879 2959 1048 3024 statuimus
1070 2959 1294 3024 Euhemerieae
1316 2957 1412 3024 ratio-

312 3094 386 3136 nem
407 3047 680 3153 interpretationis
696 3068 841 3132 severiori
862 3068 1082 3134 historicorum
1102 3070 1275 3156 recentium
1292 3069 1412 3154 judicio

312 3180 443 3249 minime
458 3179 534 3243 satis
549 3178 668 3257 fecisse,
684 3184 716 3242 et
731 3179 771 3242 ab
786 3179 966 3243 doctissimo
982 3203 1104 3264 quoque
1119 3203 1184 3245 esse
1199 3183 1355 3265 rejectam.

355 3291 415 3356 IV.
441 3289 545 3354 Quare
573 3289 632 3354 hoc
660 3289 918 3374 mythologorum
943 3313 1044 3375 genus
1070 3293 1291 3376 relinquamus,
1317 3297 1411 3374 atque

311 3402 382 3472 illos
411 3401 446 3465 in
470 3400 627 3486 judicium
657 3422 857 3477 arcessamus,
883 3399 937 3484 qui
967 3401 1190 3466 mirabiliorem
1218 3403 1253 3466 in
1281 3401 1410 3466 modum

310 3512 504 3586 narrationes
519 3511 674 3575 fabulosas
689 3515 915 3575 contorserunt.
958 3511 1046 3575 Nam
1060 3512 1208 3596 quoniam
1222 3517 1293 3599 post
1307 3512 1411 3596 elapsa

308 3622 413 3696 secula
434 3622 469 3686 in
489 3626 592 3686 vetere
615 3619 747 3685 Graecia
768 3643 956 3705 magnopere
979 3644 1079 3687 mores
1097 3623 1262 3708 hominum
1277 3645 1409 3707 magno-

305 3756 381 3819 pere
404 3738 524 3798 mentes
553 3731 592 3796 ab
617 3731 704 3815 opica
728 3730 783 3794 illa
808 3731 1011 3814 simplicitate
1036 3732 1199 3812 distarent,
1223 3757 1321 3817 quum
1341 3733 1355 3817 j

304 3843 460 3921 curiosius
485 3848 632 3908 naturam
655 3864 760 3906 rerum
790 3841 914 3925 physici
940 3842 1164 3928 hominumque
1191 3867 1292 3908 mores
1315 3848 1407 3907 natu·
1437 3857 1442 3868 ·

308 3976 436 4038 ramque
462 3959 570 4038 poetae
595 3975 672 4037 quos
690 3957 804 4018 vocant
828 3951 968 4035 gnomici
991 3953 1240 4037 introspicerent,
1264 3954 1409 4038 deinceps

308 4063 376 4148 ipsa
406 4063 538 4128 Homeri
562 4063 730 4126 immodica
754 4061 921 4125 admiratio
936 4063 1126 4143 ,offensionis
1151 4087 1276 4128 causam
1302 4065 1408 4144 dabat,

307 4196 404 4254 quum
420 4174 472 4240 ille
487 4174 625 4259 prolecto
641 4171 888 4257 spectatissimus
901 4171 1063 4236 literarum
1078 4173 1220 4239 omnium
1234 4175 1406 4242 doctrinae·

594 4379 596 4384 ·
619 4318 631 4352 ¹
647 4317 700 4366 The
712 4316 785 4365 Etzel
797 4317 823 4365 of
833 4316 877 4366 the
889 4299 1111 4389 Nibelungeulied.
