3314 4938
311 285 334 359 8
572 281 766 370 Quaem
790 279 838 354 eit
863 277 1139 376 Myrliolopiooe

311 477 430 542 entiam
466 475 531 541 sive
567 474 814 554 beneficentiam,
843 473 1009 540 divinitate
1044 473 1198 542 induisset
1233 473 1411 541 venerantis

310 585 504 673 posteritatis
537 585 697 652 memoria.
757 586 831 650 Jam
862 589 933 650 tum
961 607 1034 650 vero
1067 585 1193 652 labante
1227 585 1411 670 myreorum

310 703 453 764 vetarum
472 697 659 762 auctoritate
680 720 716 762 ee
736 697 800 762 fere
821 697 986 764 hominum
1007 719 1096 761 mens
1118 702 1194 775 erat,
1209 701 1248 760 ut
1268 696 1412 780 quamvis

311 811 372 896 ipsi
393 811 570 878 Euhemero
591 833 703 894 parum
724 810 796 876 fidei
818 810 993 888 haberetur,
1008 809 1125 874 librum
1145 815 1252 875 tamen
1273 809 1412 893 plerique

232 941 235 947 ·
312 923 490 987 avidissime
511 923 753 1007 pervolutarent.
798 923 911 1006 Itaque
936 921 1105 986 Euhemeri
1132 923 1236 1006 (quem
1256 920 1353 986 etiam
1374 903 1419 984 ut

312 1035 403 1100 ἄθεον
431 1033 527 1098 multi
555 1033 776 1117 objurgabant)
800 1032 972 1109 mendacia,
1002 1032 1061 1098 etsi
1089 1053 1129 1110 ne
1157 1032 1242 1116 apud
1270 1031 1412 1116 aequales
1488 1042 1491 1050 '

313 1143 439 1228 quidem
463 1167 520 1229 pro
546 1145 628 1210 veris
653 1150 789 1228 accepta,
814 1149 921 1210 tamen
947 1167 1042 1228 quam
1066 1144 1219 1208 latissime
1245 1143 1413 1228 pervulga·

312 1256 438 1320 bantur.
483 1257 629 1340 Namque
652 1257 687 1320 in
710 1257 859 1334 Diodoro,
875 1255 1041 1340 Dionysio,
1059 1255 1201 1341 Polybio,
1223 1255 1325 1334 livio,
1345 1255 1411 1320 Eu-

313 1366 484 1433 hemerioae
518 1367 718 1432 observamus
749 1367 909 1432 doetrinae
937 1367 1083 1451 vestigia.
1137 1366 1287 1451 Ejusdem
1316 1365 1413 1430 etiam

313 1477 393 1542 liber
424 1478 463 1542 ab
492 1479 597 1542 Ennio
627 1502 793 1544 conversus
825 1479 939 1546 Latine
970 1479 1142 1544 maximam
1172 1477 1298 1542 videtur
1330 1475 1414 1560 apud

315 1589 474 1671 Romanos
488 1589 707 1656 auctoritatem
723 1589 878 1654 habuisse.
923 1589 1061 1656 Demum
1080 1612 1119 1654 ex
1132 1587 1301 1654 Euhemeri
1315 1587 1412 1670 serip-

313 1697 356 1763 tis
371 1698 568 1765 Christianae
584 1699 656 1764 fidei
675 1700 849 1765 defensores
868 1699 909 1764 ad
927 1699 1159 1785 mythologiam
1175 1697 1414 1783 improbandam

313 1809 378 1874 tela
400 1832 455 1874 sua
474 1810 656 1895 plerumque
676 1811 945 1895 deprompserunt
991 1811 1053 1875 Sed
1074 1810 1182 1876 eadem
1203 1808 1288 1894 apud
1308 1830 1413 1873 reeen-

314 1920 409 1986 tiores
430 1921 632 2008 mythologos
646 1922 727 1986 ratio
748 1921 951 2006 praecipuum
972 1922 1036 1986 fere
1057 1922 1161 1986 locum
1183 1920 1330 2002 obtinuit.
1376 1919 1428 1983 P..

315 2029 356 2094 D.
372 2031 534 2110 Huetius,⁰
545 2032 774 2098 eruditissimus
788 2033 841 2098 ille
853 2031 979 2116 quidem
989 2032 1039 2096 vir
1049 2054 1161 2116 parum
1169 2036 1278 2096 manen
1292 2035 1414 2108 anunm,

314 2141 508 2206 narrationes
533 2165 641 2207 omnes
665 2143 896 2230 mythologieas
921 2142 961 2206 ad
988 2142 1115 2210 Sauram
1137 2141 1314 2206 Historiam
1335 2139 1414 2206 refe-

315 2250 427 2318 rendas
448 2251 591 2332 eredidit,
613 2256 707 2337 atque
729 2252 906 2318 universam
930 2275 1026 2339 prope
1050 2251 1180 2317 modum
1205 2250 1415 2316 Ethnioonrm

316 2362 508 2448 theologiam
524 2387 563 2428 ex
582 2364 706 2450 Moysis
720 2364 772 2430 vel
790 2365 870 2430 setis
884 2365 935 2430 vel
955 2363 1080 2448 seriptis
1101 2363 1286 2429 manavisse.
1330 2361 1414 2426 Neo-

315 2498 380 2542 non
409 2477 545 2541 affirmat
573 2477 678 2561 ipsum
707 2477 854 2562 Moysem
882 2481 953 2540 tum
981 2499 1001 2541 a
1031 2475 1186 2560 plerisque
1215 2473 1416 2558 antiquorum

315 2589 503 2675 populorum
516 2588 624 2652 divino
645 2589 762 2653 honore
783 2588 982 2666 celebratum,
997 2592 1068 2651 tum
1090 2586 1174 2670 apud
1189 2585 1301 2650 Graios
1319 2584 1416 2650 etiam

316 2699 451 2766 eundem
478 2721 598 2763 morem
626 2721 646 2763 a
673 2697 785 2764 Danao
814 2698 993 2782 Cadmoque
1021 2697 1206 2762 institutum
1235 2696 1416 2772 obtinuisse,

316 2816 410 2896 atque
438 2809 630 2894 Apollinem,
659 2809 788 2890 Panem,
818 2810 977 2894 Priapum,
1008 2809 1242 2895 Aesculapium,
1271 2808 1417 2893 reliquos,

317 2945 421 3008 reapse
436 2944 543 2986 omnes
561 2935 661 2986 unum
675 2922 867 3007 eundemque
888 2922 983 2986 fuisse
1005 2921 1161 3006 Moysem.
1206 2920 1307 2986 Dooet
1327 2942 1417 3004 prae-
1487 2905 1490 2909 ¹

317 3040 402 3102 terea
430 3057 449 3100 a
479 3033 631 3097 Romanis
663 3033 810 3118 Moysem
843 3032 1024 3098 nominibus
1056 3032 1157 3096 Fauni
1190 3031 1312 3096 Silvani
1341 3031 1417 3098 Jani

317 3145 488 3211 Vertumni
524 3145 717 3228 aliorumque
754 3144 947 3229 appellatum
981 3145 1175 3230 cultumque,
1210 3167 1331 3210 necnon
1361 3144 1418 3209 ‘in

318 3256 453 3324 Laribus
467 3255 564 3322 etiam
578 3261 610 3321 et
628 3256 798 3320 Penatibus
813 3255 960 3341 Moysem
976 3255 1093 3321 latere!
1138 3257 1248 3320 Parem
1263 3255 1419 3340 expromit

318 3365 474 3436 insaniam
500 3367 693 3454 Bryantiusd
719 3371 851 3444 nostras,
874 3367 929 3450 qui
950 3367 1072 3434 fabulas
1094 3389 1201 3432 omnes
1221 3373 1279 3431 aut
1299 3367 1416 3449 impro-

318 3479 431 3544 borum
452 3500 518 3543 esse
539 3483 716 3543 commenta
736 3484 793 3542 aut
813 3501 833 3542 a
855 3478 974 3542 Judnea
995 3477 1150 3561 originem
1167 3477 1292 3542 duxisse
1305 3476 1418 3555 voluit,

318 3590 434 3674 quippe
448 3589 499 3653 eui
513 3589 581 3654 vita
594 3589 742 3654 Noaehae
763 3589 798 3652 in
813 3589 835 3652 J
835 3589 888 3652 ani
906 3588 1086 3654 Poseidonis
1103 3589 1282 3653 Promethei
1303 3587 1419 3654 fabulis

319 3705 492 3785 appareret,
522 3700 689 3785 ipsumque
723 3701 922 3766 Patriarohae
955 3723 1071 3765 nomen
1097 3700 1304 3784 Anaxagorae
1336 3704 1419 3767 Nota

318 3810 431 3878 referre
455 3810 621 3875 videretur.
665 3810 761 3895 Piget
786 3832 859 3877 sane
885 3810 1006 3876 eredere
1030 3809 1076 3874 ita
1101 3811 1241 3894 proxime
1266 3833 1286 3874 a
1311 3815 1419 3874 nostra
1450 3837 1453 3844 ·

319 3921 470 3990 memoria
488 3922 584 3986 fuisse
603 3922 657 4007 qui
672 3921 749 3986 talia
768 3921 891 4006 flagitia
909 3927 943 3985 et
956 3921 1153 4005 conciperent
1166 3921 1272 3986 animo
1286 3927 1319 3986 et
1333 3911 1420 3990 salva

351 4111 432 4160 enne
454 4111 548 4175 Bishop
571 4113 596 4160 or
615 4111 769 4170 avranches,
792 4111 981 4160 anserede
1005 4112 1140 4176 ‘nupera’
1163 4113 1278 4164 clusin.
1311 4112 1358 4162 sae
1380 4075 1419 4162 aa

317 4193 524 4246 ‘Demonstratio
538 4193 708 4258 Evangeliea,’
719 4193 859 4257 Propositio
869 4195 901 4242 iv.
916 4193 954 4244 eh.
967 4195 990 4251 8,
1002 4210 1026 4256 9.

352 4278 364 4312 u
381 4274 499 4342 Bryant'r
510 4275 670 4342 Mythology,
680 4276 728 4326 vol.
740 4277 765 4327 ii.
777 4293 802 4343 p.
818 4289 863 4328 ποι
876 4277 926 4326 aud
937 4276 1070 4340 following.
